2300 3547
340 164 645 224 CAPVT
688 168 1232 230 VIG'ESIMVM
1267 172 1674 232 SEXTVM.

236 247 330 273 ment.
343 240 478 275 tom-16.
489 246 528 284 p.
538 249 567 273 1.
581 238 677 277 liba,
690 238 862 286 difi·.163.
877 243 1013 280 num.16.

234 288 275 323 &5
295 300 307 322 1
317 290 350 324 8.
363 286 503 334 Constan.
515 288 559 321 ad
570 287 656 326 Stat,
673 288 751 324 Urb.
766 300 840 326 tom.
860 302 888 324 1.
905 303 971 327 art.
987 304 1015 327 1.

140 353 155 376 1
169 350 181 374 1
192 353 209 388 3
224 338 349 385 filia.
361 337 442 383 defi.
459 339 545 373 unic.
562 339 600 373 de
616 340 686 374 Loc.
707 340 798 375 Mon.
813 353 842 374 n.
860 343 944 377 218.
959 342 1015 376 Se.

137 651 209 692 114

136 898 204 932 ,115

132 1754 201 1792 ³17

127 1996 199 2034 118

130 2304 202 2342 119

131 2456 200 2485 120

134 2709 197 2735 121

232 387 379 426 cretarii
396 399 510 423 cavere
524 387 639 424 debent
656 398 810 439 quantum
818 392 898 435 ficri
907 393 1016 437 potes?

230 435 272 475 ab
286 437 464 480 admistione
479 462 506 479 „
533 437 832 489 Restgnationum
846 439 950 476 libere
967 470 975 485 ‚
991 441 1017 477 st

231 513 259 530 „
283 488 377 528 circa
391 488 471 524 illas
486 499 674 537 emergant
690 490 913 527 difficultates
934 491 1015 527 faeti

231 562 258 580 ,‚
284 538 343 575 vel
358 537 451 578 Juris
466 539 500 575 &
515 540 636 585 potius
651 541 755 587 super
771 541 838 577 hoc
855 541 1013 586 expedia.

231 611 258 630 ,,
284 600 323 623 re
337 587 471 629 debent
487 589 660 626 Mandata
674 590 844 633 judicum
859 616 872 632 ,
894 604 1013 627 currus.

234 663 259 682 ,‚
285 638 570 677 Secretariorum
583 640 751 679 Officium
767 639 809 676 sit
821 640 1012 678 admittere

233 714 258 736 ,‚
286 688 547 734 Dispositiones
561 716 574 732 ‚
600 704 639 727 ac
655 690 909 738 refignationes
927 691 1008 726 EX.

231 764 258 781 ‚‚
284 737 394 774 TRA
411 739 784 786 JUDICIALITER
800 740 940 788 quando
966 740 1012 777 de

230 814 261 830 „
282 789 392 833 plano
419 789 623 838 procedunt
650 791 746 829 secus
772 790 797 826 fi
824 792 1011 836 patiantur

231 863 258 881 ,,
283 837 527 881 discussiones,
553 843 587 879 ὅ(
612 838 886 888 ambiguitates.

232 889 270 930 Si
285 900 376 925 vero
394 889 551 930 Notario
564 890 737 937 expedire
751 891 937 938 contingat
952 892 1010 926 ali.

232 938 326 986 quod
341 940 555 981 Mandatum
570 952 639 988 pro
654 939 882 986 impressione
905 942 1009 987 super

229 990 338 1029 ,Locis
353 990 539 1030 Montium
557 1003 660 1038 aeque
674 1003 713 1029 ac
727 991 908 1028 deletione
934 992 1012 1029 vin.

228 1040 303 1076 culi
329 1039 484 1086 appositi
508 1041 603 1082 Jussu
630 1041 762 1087 Jttdicis
789 1042 1012 1080 criminalis,

228 1087 447 1127 Mandatum
475 1102 549 1127 non
575 1093 622 1127 est
645 1090 936 1132 subscribendum
969 1090 1013 1125 ab

228 1142 350 1187 aliquo
374 1153 420 1177 ex
442 1141 788 1181 Locumtenentibus
817 1142 1013 1178 criminali-

229 1191 296 1226 bus
317 1191 377 1231 seu
401 1190 582 1230 Judicibus
610 1192 850 1232 Inferioribus
873 1215 885 1229 ‚
900 1190 903 1196 '
921 1191 1014 1230 bene

230 1252 321 1278 vero
335 1253 354 1275 a
368 1239 501 1287 Capite
516 1241 725 1278 Tribunalis
738 1267 756 1283 2
774 1241 832 1277 seu
846 1241 1010 1288 Superio.

227 1303 268 1330 re
282 1290 403 1331 addito
418 1294 455 1326 in
470 1292 589 1329 fronte
604 1291 764 1337 ejusdem
779 1291 942 1327 Mandati
969 1292 1012 1327 ti-

227 1343 308 1381 tulo
321 1364 346 1382 2,
375 1342 412 1381 In
440 1341 681 1377 Criminalibus
694 1341 743 1378 V.
759 1340 806 1378 G.
833 1342 891 1378 De
908 1342 1010 1377 Man-

226 1416 254 1434 a,
279 1391 364 1426 dato
385 1389 432 1425 R·
449 1391 487 1428 P.
503 1392 550 1429 D.
566 1393 798 1429 Thesaurarii
825 1394 863 1426 in
890 1394 1011 1427 crimi-

226 1465 250 1482 ‚‚
276 1441 416 1477 nalibus
431 1467 442 1483 ‚
471 1441 573 1479 illffii
591 1442 855 1479 Gubernatoris
883 1445 917 1476 in
934 1442 1006 1477 Cri.

227 1490 408 1529 minalilrus
421 1494 455 1527 &
471 1492 515 1529 stc
528 1493 744 1541 destngulis;
770 1493 804 1527 &
820 1495 911 1527 ratio
933 1493 980 1528 est
994 1517 1007 1533 ,

226 1543 307 1588 quia
324 1543 373 1577 ita
389 1541 590 1587 disponitur
607 1547 643 1580 in
657 1544 748 1588 saepe
769 1544 875 1583 citata
890 1541 1009 1583 Confii.

224 1593 352 1627 tutione
377 1593 613 1634 Benedictina5
641 1605 719 1640 quae
745 1591 883 1633 Judices
908 1593 1009 1627 Man-

225 1641 307 1678 data
321 1642 554 1680 concedentes
570 1643 741 1692 expraesse
755 1645 914 1679 coercuit
934 1666 946 1684 ,
972 1643 1007 1680 ,δέ

226 1692 429 1741 designavit
444 1720 454 1733 ‚
622 1695 624 1697 ’

229 1742 275 1778 Et
305 1743 329 1779 st
359 1744 463 1781 rifico
491 1743 606 1779 Officii
625 1744 644 1780 ὲι
668 1744 827 1780 Notario
846 1745 894 1779 est
920 1743 1007 1778 reci.

225 1793 357 1839 pienda
380 1795 497 1840 aliqua
513 1795 628 1829 Cautio
640 1821 651 1836 ,
664 1796 720 1831 vel
738 1795 912 1829 Notarius
928 1804 1010 1838 pro,

229 1845 351 1888 prium
368 1844 476 1881 habet
492 1844 660 1885 Officium
675 1846 707 1879 8(
723 1844 850 1880 dietam
868 1844 1014 1885 Cautio·

225 1906 311 1934 nem
330 1894 430 1929 rifico
445 1897 496 1932 sui
513 1895 630 1931 Officii
643 1895 804 1940 suscipiet
822 1920 831 1932 ,
855 1895 914 1930 vel
929 1893 1012 1928 Offi-

224 1946 323 1979 cium
339 1947 532 1992 proprium
549 1958 621 1981 non
644 1945 749 1980 habet
769 1972 781 1987 ,
805 1947 838 1979 ὃ(
868 1955 952 1979 tunc
979 1943 1014 1979 se

228 1994 393 2042 obligant
423 1995 567 2032 Notarii
597 2008 721 2033 omnes
758 1995 975 2041 collegialiter
1002 2019 1015 2035 ,

223 2055 334 2091 prout
351 2058 394 2081 ex
409 2057 512 2082 antea
539 2047 609 2082 sese
637 2047 845 2092 obligarunt
864 2044 1012 2079 Notarii

223 2094 436 2131 Tribunalis
464 2096 545 2133 AC.
574 2098 607 2132 &
637 2097 828 2132 Secretarii
846 2096 1010 2130 Camerae

224 2144 445 2189 Apostolicae
462 2149 655 2193 proprium
671 2145 838 2181 Officium
859 2157 932 2180 non
949 2145 1008 2180 ha-

224 2193 350 2229 bentes
365 2195 407 2229 de
423 2195 625 2232 reducendo
640 2198 675 2233 in
705 2196 897 2240 pristinum
915 2195 1009 2230 Loca

225 2245 415 2280 Montium
430 2245 473 2280 ad
487 2243 650 2285 &fesium
669 2246 858 2281 deletionis
872 2244 1010 2281 Vincu-

227 2295 253 2329 li
267 2294 305 2333 ob
321 2307 378 2329 non
392 2294 625 2332 exhibitionem
640 2297 812 2331 literarum
826 2295 1013 2330 Patentium

224 2347 441 2392 originalium
468 2348 610 2381 ordinat.
637 2344 656 2378 τὶ
685 2345 920 2380 Constitutione
946 2345 1011 2390 sel,

225 2395 345 2432 record.
369 2395 544 2430 Clementis
559 2397 616 2431 PP.
638 2396 720 2430 VIII.
736 2421 747 2435 ,
773 2395 808 2428 δέ
835 2393 858 2428 s1
884 2396 921 2429 in
949 2396 1013 2429 ali-

228 2457 298 2493 quo
313 2444 440 2481 Officio
453 2447 546 2481 adest
563 2445 844 2486 Administrator
874 2444 930 2480 hic
959 2455 1010 2479 te·

225 2507 334 2532 netur
350 2495 534 2532 ostendere
552 2498 836 2532 Instrumentum
854 2506 935 2529 cum
950 2494 1010 2530 do-

225 2548 328 2582 mino
339 2549 584 2594 proprietario
595 2556 778 2581 exaratum
791 2544 833 2580 ad
845 2542 1007 2580 effestum

226 2596 485 2644 cognoscendi,
512 2610 600 2632 num
615 2596 733 2632 eidem
754 2595 889 2631 tributa
906 2594 947 2631 fit
963 2596 1010 2630 fa÷

225 2649 340 2683 cultas
357 2647 554 2694 recipiendi
576 2649 762 2684 cautiones
776 2673 785 2681 .

226 2697 326 2738 Patet
342 2698 554 2745 quandoque
569 2699 606 2734 in
623 2698 727 2732 Locis
743 2696 928 2731 Montium
951 2694 1009 2731 ad-

226 2747 294 2784 esse
308 2748 509 2788 Vinculum
537 2748 683 2794 alicujus
697 2745 888 2782 Cautionis
916 2757 1009 2791 prae-

226 2798 356 2838 standae
372 2812 439 2848 pro
453 2800 630 2834 solutione
646 2797 826 2834 fructuum
842 2795 1008 2834 cambii,

228 2848 367 2886 Census
381 2875 393 2891 ,
420 2851 479 2885 vel
495 2850 678 2886 Societatis
693 2847 809 2883 Officii
825 2845 924 2891 juxta
949 2846 1006 2879 de-

229 2899 287 2944 cis.
306 2910 392 2945 494.
406 2913 510 2934 coram
525 2899 665 2939 Rembol,
679 2923 691 2939 ,
717 2900 750 2934 8<
777 2899 814 2932 in
830 2896 921 2931 hisce
936 2895 1006 2930 Ca-

225 2948 319 2982 fibus
345 2951 457 2995 potest
483 2950 597 2990 Judex
626 2949 806 2986 mediante
832 2945 1006 2982 Mandato

225 3000 277 3034 sui
294 2998 437 3037 Notarii
450 2999 570 3036 delere
585 2999 743 3040 Vincula
757 3024 769 3041 ,
781 2997 803 3032 si
822 2996 1006 3033 Cautionis

227 3046 429 3086 Vinculum
457 3050 642 3089 cessaverit
667 3061 731 3094 per
762 3049 1005 3086 consensum-‚

229 3098 369 3142 Partis,
396 3102 456 3135 vel
483 3113 549 3147 per
572 3102 795 3136 Sententiam
809 3098 940 3139 Iudicis
966 3097 1005 3131 in

1785 192 1879 241 157

1165 242 1358 280 Cambium
1374 268 1385 282 ,
1412 246 1471 281 vel
1485 244 1637 281 Societas
1653 245 1770 282 Officii
1793 247 1940 283 cessatve⁹

1166 295 1241 328 rint
1269 305 1334 341 per
1362 294 1622 332 extinctionem
1649 299 1705 333 vel
1730 296 1943 333 Creditores

1163 344 1384 381 consentiant
1410 342 1587 381 deletioni
1610 344 1761 382 Vinculi
1787 359 1856 394 pro
1882 358 1945 382 eo-

1167 406 1248 431 rum
1263 395 1453 431 securitate
1468 394 1641 441 appositi.
1669 395 1872 433 Vinculum
1887 409 1947 432 ve-

1071 454 1139 482 122
1167 457 1207 480 ro
1221 445 1264 481 de
1278 445 1496 483 restituendo
1509 445 1691 492 prioribus
1705 471 1718 486 ‚
1743 448 1777 481 &
1791 448 1943 492 potiori-

1067 1154 1132 1190 123

1165 495 1228 531 bus
1240 520 1252 537 ‚
1279 494 1531 531 Creditoribus
1543 520 1556 537 ‚
1573 496 1606 531 &
1621 494 1665 531 de
1678 496 1944 532 contribuendo

1164 558 1246 582 cum
1262 545 1457 591 aequalibus
1472 571 1484 587 ,
1499 558 1536 580 ac
1552 546 1701 592 aequalia
1717 545 1801 586 Jura
1816 545 1947 581 haben,

1165 595 1259 633 tibus
1273 595 1413 630 deletur
1428 595 1603 633 Mandato
1621 594 1667 633 R.
1680 595 1717 632 P.
1732 595 1778 630 D.
1794 595 1946 631 Audito.

1163 646 1210 683 ris
1227 644 1322 684 szni
1349 646 1466 683 citatis
1487 645 1676 682 Interresse
1703 645 1945 684 habentibus,

1162 693 1250 733 faiia
1264 694 1519 743 subrogatione
1532 696 1678 731 alterius
1693 694 1868 742 Capitalis
1884 718 1894 733 ,
1909 696 1945 729 ὃς

1160 746 1317 793 praestita
1333 743 1548 791 fidejussione
1562 757 1626 790 per
1641 745 1839 783 Notarium
1856 757 1940 791 pro-

1161 797 1285 842 prium
1301 794 1470 836 Officium
1485 795 1681 833 habentem
1695 821 1708 838 ,
1733 797 1767 830 δέ
1795 797 1829 830 se
1853 794 1944 829 obli-

1161 856 1245 893 gare
1256 845 1440 882 valentem
1453 856 1559 891 prout
1572 859 1617 881 ex
1630 843 1943 881 mandatoR.P.D.

1162 893 1350 931 Auditoris
1365 895 1461 931 ssffii
1487 896 1646 941 expedit.
1673 895 1715 930 ad
1734 895 1942 931 Instantiam

1162 945 1336 980 Francisci
1350 944 1536 982 Dominici
1551 946 1738 982 Clementi
1751 944 1810 979 die
1831 943 1945 990 17.Ju-

1161 995 1203 1029 lii
1223 994 1329 1041 1762.
1354 1007 1420 1041 per
1447 995 1520 1031 atita
1544 997 1667 1031 Monti
1695 995 1840 1030 Notarii
1859 993 1942 1030 AG.

1163 1043 1459 1091 cumExequatur
1475 1044 1615 1082 R.P.D.
1630 1045 1860 1081 Thesaurarii
1875 1043 1944 1081 Ge·

1161 1094 1296 1131 neralis
1311 1121 1321 1130 0

1161 1143 1316 1193 Qando
1330 1154 1452 1179 autem
1467 1142 1672 1182 Vinculum
1687 1146 1873 1190 reperitur
1887 1144 1943 1177 su-
1993 1170 2000 1178 .

1162 1206 1228 1242 per
1245 1193 1420 1230 fruffibus
1435 1195 1616 1231 Locorum
1642 1196 1827 1230 Montium
1854 1204 1941 1239 quo-

1161 1255 1245 1280 rum
1258 1242 1444 1288 dispositio
1461 1245 1636 1285 reservata
1652 1247 1721 1280 suit
1737 1245 1844 1279 alicui
1858 1253 1944 1278 tam-

1162 1306 1268 1340 quam
1283 1293 1416 1329 Tutori
1429 1318 1441 1332 ,
1468 1296 1501 1329 &
1516 1293 1688 1335 Curatori
1703 1294 1855 1331 durante
1873 1293 1941 1328 Pu·

1159 1343 1282 1390 pillari
1296 1370 1308 1384 ,
1334 1353 1393 1378 aut
1410 1345 1543 1379 minori
1559 1355 1663 1380 aetate
1677 1370 1690 1386 ‚
1713 1345 1773 1379 vel
1787 1342 1941 1380 durante

1161 1395 1284 1435 furore
1297 1393 1356 1428 seu
1371 1392 1554 1428 dementia
1569 1393 1731 1438 alicujus,
1744 1395 1800 1432 vel
1817 1393 1943 1441 quous-

1163 1457 1231 1491 que
1258 1444 1336 1490 quis
1360 1442 1485 1480 evadat
1501 1443 1637 1478 Doetor
1659 1443 1853 1483 sacerdos,
1880 1453 1942 1480 aut

1159 1493 1335 1530 Praelatus
1350 1519 1362 1534 ,
1387 1495 1446 1528 vel
1461 1495 1610 1530 illorum
1626 1495 1716 1532 Usus
1738 1493 1872 1529 fruetus
1888 1504 1944 1531 re·

1161 1544 1264 1582 lidus
1281 1542 1321 1577 fit
1337 1555 1444 1579 certae
1460 1542 1621 1584 Personae
1637 1544 1712 1589 ejus
1739 1545 1813 1579 vita
1839 1554 1942 1578 natu-

1159 1596 1226 1630 rali
1253 1592 1404 1630 durante
1416 1618 1428 1632 ,
1454 1594 1487 1630 8(
1514 1596 1552 1631 in
1579 1594 1710 1630 casibus
1738 1591 1915 1640 praedietis
1928 1616 1942 1632 ‚

1157 1645 1354 1679 terminata
1371 1644 1485 1679 tutela
1506 1644 1566 1680 vel
1581 1657 1664 1680 cura
1678 1669 1689 1683 ,
1715 1643 1845 1690 adepto
1861 1642 1940 1676 Do-

1159 1693 1301 1730 storatu
1316 1717 1326 1732 ‚
1342 1692 1540 1730 Praelatura
1554 1720 1566 1734 ,
1591 1708 1628 1729 ac
1643 1693 1848 1730 Sacerdotio
1859 1718 1872 1734 ,
1884 1691 1943 1730 de-

1159 1743 1282 1781 :funeto
1297 1743 1557 1779 usufrucfhiario
1571 1770 1583 1785 ,
1609 1746 1669 1778 vel
1696 1755 1738 1778 eo
1767 1744 1943 1779 usumfru-

1161 1794 1258 1829 &um
1287 1797 1524 1830 renunciante
1537 1820 1548 1834 ,
1575 1796 1673 1829 locus
1697 1797 1765 1828 erit
1793 1793 1943 1827 deletio-

1162 1846 1200 1886 ni
1216 1844 1459 1880 Vineulorum
1488 1844 1743 1889 praedistorum
1773 1842 1874 1889 juxta
1887 1854 1942 1877 ca-

1161 1896 1264 1930 suum
1281 1895 1546 1942 contingentias
1560 1921 1569 1929 ,

1070 1957 1141 1997 124
1168 1946 1205 1981 Si
1231 1956 1320 1983 vero
1347 1954 1473 1992 agatur
1499 1943 1544 1979 de
1561 1943 1720 1979 Vinculo
1744 1942 1942 1978 Evic‘iionis

1068 2405 1137 2437 125

1164 1994 1299 2040 adjecto
1315 1996 1376 2033 vel
1391 2006 1434 2033 ex
1450 1995 1531 2043 lege
1545 1993 1744 2029 contraditis
1756 2017 1767 2031 ‚
1783 1995 1842 2028 vel
1858 1993 1940 2038 quia

1164 2045 1446 2083 LocaMontium
1460 2044 1676 2090 proveniant
1692 2057 1734 2078 ex
1750 2045 1866 2089 pretio
1875 2042 1941 2075 Bo-

1162 2108 1296 2130 norum
1323 2094 1558 2142 speeiantium
1584 2093 1626 2129 ad
1643 2094 1797 2129 Barones
1824 2093 1941 2128 Status

1158 2145 1389 2188 Ecclesiastici
1420 2144 1654 2185 venditorum
1680 2155 1744 2190 per
1773 2142 1941 2189 Congre-

1159 2198 1345 2243 gationem
1373 2195 1556 2231 Baronum
1590 2220 1602 2236 ,
1651 2194 1717 2229 hoc
1744 2192 1939 2228 Evietionis

1160 2245 1365 2283 Vinculum
1380 2245 1462 2280 tolli
1477 2246 1602 2291 nequit
1618 2256 1684 2289 per
1701 2243 1841 2283 Judices
1867 2241 1939 2276 fine

1159 2297 1331 2338 consensu
1356 2296 1508 2330 illorum
1523 2318 1533 2332 ,
1555 2306 1710 2341 quorum
1725 2295 1847 2329 favore
1864 2294 1941 2326 vin-

1161 2348 1286 2382 culum
1302 2347 1370 2381 fuit
1390 2344 1592 2390 appositum
1607 2370 1615 2383 .

1164 2395 1210 2430 Et
1239 2396 1323 2431 licet
1351 2397 1424 2431 tale
1442 2394 1639 2431 Vinculum
1657 2392 1853 2427 Evitstionis
1875 2392 1941 2427 ia„

1161 2445 1266 2480 Locis
1282 2446 1468 2481 Montium
1487 2443 1526 2478 fit
1541 2446 1728 2490 antiquum
1744 2444 1853 2477 etiam
1881 2442 1940 2476 ul—

1159 2505 1216 2530 tra
1232 2497 1466 2542 quadraginta
1482 2505 1591 2534 annos
1606 2518 1617 2531 ,
1645 2504 1718 2527 non
1733 2493 1843 2539 potest
1872 2503 1938 2526 nec

1160 2545 1265 2580 debet
1292 2544 1407 2585 Judex
1443 2543 1599 2578 liberare
1629 2542 1721 2577 Loca
1749 2542 1939 2577 Montium

1160 2598 1266 2630 etiam
1283 2608 1347 2643 per
1362 2595 1655 2640 subrogationem
1672 2594 1820 2627 alterius
1837 2591 1940 2625 stabi-

1158 2647 1200 2681 lis
1214 2672 1227 2688 ,
1252 2647 1312 2681 vel
1340 2658 1406 2692 per
1422 2644 1644 2678 cautionem
1671 2644 1708 2676 in
1725 2641 1816 2676 Casu
1830 2665 1841 2679 ‚
1868 2652 1939 2687 quo

1158 2696 1320 2742 sequatur
1334 2693 1490 2734 evicfli03
1515 2705 1596 2730 cum
1620 2693 1719 2727 enim
1737 2691 1843 2727 Αᾶἰο
1871 2703 1939 2736 pro

1064 2747 1135 2786 126
1160 2746 1337 2781 eviffione
1355 2745 1392 2779 sit
1407 2754 1585 2790 perpetua
1599 2744 1631 2777 &
1646 2743 1787 2787 semper
1813 2743 1939 2776 eveni-

1161 2809 1198 2832 re
1210 2795 1310 2842 poffit
1325 2820 1336 2834 ‚
1362 2797 1395 2830 8<
1411 2805 1497 2830 tunc
1515 2794 1576 2828 illa
1600 2791 1773 2828 debeatur
1787 2818 1797 2832 ,
1827 2804 1938 2837 quan-

1061 2857 1129 2893 127
1155 2846 1199 2880 do
1217 2845 1370 2892 Emptor
1387 2847 1524 2890 patitur
1541 2842 1715 2877 molestias
1743 2844 1779 2876 in
1804 2853 1841 2875 re
1858 2853 1934 2876 em-

1155 2906 1218 2941 pta
1245 2908 1288 2936 ex
1305 2897 1454 2930 firmatis
1469 2906 1532 2941 per
1549 2893 1681 2929 Fcnzon.
1704 2893 1747 2925 ad
1759 2892 1844 2926 Stat.
1858 2889 1936 2928 Urb.

1161 2957 1240 2993 157.
1251 2959 1336 2980 num.
1349 2956 1382 2990 4.
1394 2945 1434 2981 &
1448 2953 1479 2985 5.
1494 2945 1578 2979 hinc
1593 2942 1724 2977 Cautio
1740 2941 1800 2976 vel
1818 2941 1935 2976 subro-

1062 2999 1129 3037 128
1158 2999 1257 3044 gatio
1272 2996 1415 3041 alicujus
1431 2994 1608 3038 Corporis
1624 2991 1755 3026 stabilis
1770 2992 1850 3026 vice
1865 2992 1931 3026 Lo-

1153 3059 1279 3082 corum
1295 3047 1480 3083 Montium
1499 3056 1571 3078 non
1586 3042 1632 3077 est
1658 3042 1801 3089 aequalis
1827 3041 1927 3077 secu-

1154 3099 1292 3139 ritatis,
1316 3107 1425 3141 prout
1453 3096 1501 3129 est
1530 3095 1592 3127 illa
1618 3091 1798 3126 Locorum
1824 3091 1932 3125 Mon-

229 3149 436 3196 Judicatutn
463 3150 669 3188 transadam
695 3150 756 3187 vel
784 3149 809 3186 st
833 3148 971 3187 Census
995 3172 1008 3191 ,
1062 3160 1132 3193 129
1158 3150 1278 3191 tium,
1303 3159 1386 3192 nam
1403 3143 1592 3193 fidejussor
1620 3143 1736 3192 potest
1750 3141 1932 3183 deficere³

1781 3191 1814 3226 ὅ(
1827 3189 1880 3227 sa-
