2300 3547
390 270 438 294 ‘12
468 255 623 299 repetita
641 265 704 298 per
731 253 802 288 acia
830 255 880 289 sui
905 252 1039 298 ipfius,
1065 263 1147 286 nam
1164 252 1246 285 licet

469 306 596 351 vigore
611 303 888 348 Refhrmatioizum
903 303 1092 337 summorum
1118 301 1247 345 Pontffi-

466 367 534 388 cum
555 353 853 389 praedecessorum
871 354 980 387 stetur
997 352 1246 391 justificationi

467 403 607 448 jurium
623 404 853 439 existentium
867 403 903 436 in
914 400 994 436 aclis
1008 400 1247 435 Notariorum

396 467 440 505 ³3
469 453 624 497 ejusdem
639 453 852 488 Tribunalis
866 475 877 489 ,
905 452 942 485 in
959 452 1034 484 vim
1052 460 1168 484 tamen
1187 449 1250 482 Re-

459 504 675 548 firmationis
682 502 787 546 fitctae
802 501 821 535 s}
836 501 865 535 S.
874 502 922 534 M.
933 499 1254 535 BenedictoPPXlV.

466 553 503 585 de
519 551 622 598 mensi*
640 551 829 586 Decembris
850 562 956 596 1742.
969 575 982 591 ,
1007 561 1085 596 qnae
1102 550 1250 598 religio-

467 602 502 637 se
521 604 679 637 servatur
708 604 744 637 in
775 602 924 635 materia
941 600 1122 635 Locorum
1142 600 1250 634 Mon-

466 653 559 686 tium
574 651 650 688 fuse
667 653 703 686 in
721 650 812 686 dieta
825 650 1099 685 Reformatione
1116 661 1252 694 pertra-

466 701 557 736 &ata
584 726 596 740 ,
637 714 710 737 non
739 700 939 736 attenditur
969 699 1145 736 indicatio
1158 724 1170 738 ,
1194 699 1252 735 sed

468 752 661 788 necessario
677 752 874 797 requiritur
889 776 901 790 ‚
928 750 988 785 vel
1010 748 1102 796 quod
1117 748 1251 796 produ-

468 811 600 836 cantur
618 803 656 836 in
672 801 798 836 Officio
815 800 1035 846 Notarii‚qui
1049 801 1132 834 facit
1149 800 1251 835 Man-

468 850 595 885 datum
610 852 802 898 praei-elata
818 850 902 890 Iura
917 851 954 885 in
968 851 1038 884 alio
1054 848 1181 883 Officio
1198 861 1251 883 re-

397 918 447 954 24
475 900 644 939 sidentia,
667 902 727 936 vel
756 900 851 947 quod
868 900 982 939 Iudex
1009 900 1158 934 testetur
1186 900 1250 934 in„-

391 946 392 949 '
474 949 642 987 mandato
658 951 734 995 jura
749 949 948 996 supradicsta
960 949 1082 985 vidiffe
1096 975 1110 990 ‚
1134 950 1168 984 δέ
1196 960 1251 984 re-

473 1002 676 1048 cognoviffe
691 1002 828 1045 insonte
839 1026 850 1042 ‚
879 1001 963 1035 alias
979 998 1190 1035 Mandatum
1206 999 1249 1034 ab

470 1051 782 1087 Administratore
794 1051 1166 1087 LocorumMontium
1179 1061 1252 1084 non

475 1101 683 1137 admittitur
698 1129 706 1136 .

389 1168 445 1202 :³5
476 1151 681 1198 Caveatque
709 1149 881 1186 Notarius
900 1149 1064 1185 Mandati
1092 1163 1110 1185 a
1139 1149 1253 1185 Testi-

473 1208 600 1237 monio
612 1199 864 1248 perhibendo,
879 1200 971 1246 quod
987 1199 1103 1244 Copia
1121 1200 1254 1235 Instru-

473 1254 619 1292 menti,
641 1251 888 1290 Testamenti,
909 1250 942 1284 δέ
959 1249 1131 1284 similium
1146 1250 1255 1284 fuerit

473 1304 513 1337 in
538 1303 601 1337 suo
617 1300 743 1335 Officio
770 1298 942 1346 produfta
958 1325 968 1340 ,
993 1311 1053 1335 aut
1079 1312 1119 1334 ea
1137 1298 1252 1339 Judex

474 1352 732 1400 recognoverit
760 1353 840 1397 quia
854 1352 971 1385 oritur
998 1362 1043 1384 ex
1071 1349 1138 1383 hoc
1166 1348 1254 1384 affio

473 1402 633 1437 Notario
647 1425 659 1439 ‚
685 1403 746 1447 qui
759 1402 1027 1436 Testamentum
1043 1409 1102 1434 aut
1120 1400 1254 1435 Instru-

473 1464 643 1487 mentum
671 1451 812 1497 rogavit
824 1476 837 1490 ,
864 1448 1011 1495 petendi
1039 1450 1254 1484 iolutionem

474 1501 643 1537 adversus
659 1500 856 1535 Notarium
883 1500 1047 1535 Mandati
1073 1500 1172 1534 illius
1195 1499 1256 1534 Ca-

470 1554 570 1597 pite,
595 1562 674 1598 quae
700 1553 737 1586 in
754 1550 926 1586 Mandato
950 1551 1018 1585 fuit
1042 1551 1255 1590 enunciata,

473 1601 573 1647 quast
589 1599 683 1648 quod
710 1600 822 1635 fuisset
840 1599 997 1635 extra&a
1010 1626 1022 1642 ,
1050 1611 1158 1646 prout
1174 1612 1257 1634 con—

472 1652 560 1699 tigit
588 1653 649 1686 uni
677 1663 719 1686 ex
737 1650 943 1685 Secretariis
959 1648 1052 1686 Rev.
1069 1650 1234 1685 Gamerae
1248 1676 1262 1692 2

479 1703 542 1748 qui
558 1700 696 1736 adactus
710 1702 779 1735 fuit
797 1702 986 1736 exsolvere
999 1701 1153 1736 Notario
1166 1699 1262 1735 Van-

478 1750 559 1795 noja
589 1752 883 1785 emolumentum
910 1762 979 1794 pro
1006 1749 1122 1796 Copia
1140 1751 1262 1785 Testa-

480 1802 610 1839 menti,
626 1813 731 1847 quam
746 1798 855 1835 dictus
873 1800 1091 1836 Secretarius
1107 1803 1144 1835 in
1156 1802 1262 1836 Man-

480 1851 563 1886 dato
575 1849 786 1897 pmduftam
803 1850 900 1886 fuisse
914 1850 1264 1892 affirmaverat21icet

482 1900 656 1936 Notarius
683 1900 850 1945 Vannoja
877 1899 1006 1935 dictam
1033 1901 1188 1948 Copiam
1216 1904 1264 1935 ei-

397 1959 456 1998 536
482 1951 564 1986 dem
592 1963 663 1986 non
682 1950 902 1992 tradidisset,
929 1964 974 1986 ne
1004 1953 1082 1997 quis
1104 1953 1264 1998 locuple-

483 2012 579 2037 tetur
596 2013 678 2037 cum
696 2002 809 2036 aliena
824 2000 975 2046 jafflura,
991 2001 1085 2047 quod
1102 2014 1172 2036 non
1187 2014 1264 2047 per-

484 2053 597 2086 mittit
613 2053 707 2086 Text.
731 2055 767 2085 in
790 2053 813 2085 l.
840 2064 911 2084 imm
928 2050 978 2085 hoc
991 2050 1069 2087 Cod.
1092 2053 1129 2086 de
1142 2053 1262 2086 candit.

399 2113 454 2155 157
483 2101 622 2136 inflabit.
651 2100 751 2135 Dum
779 2111 898 2136 autem
916 2101 1090 2137 Notarius
1116 2103 1263 2148 stipula-

484 2162 543 2186 tur
560 2152 844 2186 instrumentum
861 2153 895 2185 in
918 2153 1069 2198 proprio
1083 2151 1209 2187 Officio
1234 2150 1258 2186 fi

484 2202 596 2236 Filius
613 2202 745 2236 habens
762 2200 925 2236 interesse
940 2203 987 2236 est
998 2201 1148 2247 impubes
1162 2228 1173 2244 ‚
1186 2214 1259 2238 non

483 2253 531 2285 est
546 2251 679 2286 necesse
694 2277 706 2292 ,
733 2250 827 2297 quod
842 2263 1048 2297 compareat
1062 2264 1182 2287 coram
1199 2253 1261 2291 Ju-

483 2300 562 2335 dice
575 2325 589 2341 ,
608 2301 631 2335 si
647 2313 736 2335 vero
750 2302 799 2334 est
813 2300 916 2335 Pubes
930 2301 1036 2343 debet
1053 2314 1261 2347 comparere

486 2362 553 2385 una
570 2350 671 2385 fimul
688 2362 771 2386 cum
788 2350 928 2385 Tutore
943 2377 952 2385 .

402 2408 457 2445 318
485 2401 731 2447 Qaecumque
757 2400 987 2436 Documenta
1028 2400 1071 2436 de
1100 2401 1262 2437 Partibus

486 2453 726 2495 quamtumvis
742 2451 904 2486 consueta
920 2451 1101 2498 legalitate
1123 2453 1263 2487 munita

484 2499 615 2545 debent
633 2501 834 2546 recognosci
850 2504 884 2534 in
896 2500 979 2535 Urbe
990 2509 1050 2545 per
1059 2502 1136 2536 duos
1147 2501 1263 2548 Testes,

483 2551 517 2583 ὅ(
534 2549 708 2584 Notarius
722 2549 899 2584 affirmare
914 2550 1018 2585 debet
1035 2554 1071 2586 in
1087 2551 1262 2587 Mandato

412 2615 461 2650 ³9
488 2598 582 2645 quod
606 2599 690 2638 Jura
717 2598 884 2644 praedidla
913 2601 1059 2636 fuerunt
1086 2614 1151 2647 per
1177 2602 1264 2638 duos

489 2649 609 2684 Testes
623 2649 792 2684 habentes
804 2660 927 2685 notam
944 2663 1089 2686 manum
1108 2654 1265 2699 recogni-

487 2708 520 2734 ta
535 2725 547 2739 ,
575 2698 738 2746 quodque
753 2700 875 2735 Testes
892 2700 959 2735 sint
975 2700 1091 2735 eidem
1112 2702 1264 2737 Notario

407 2763 458 2788 20
487 2752 647 2797 cogniti,
674 2751 734 2784 vel
748 2749 871 2785 saltem
888 2752 963 2786 noti
980 2751 1046 2785 sint
1062 2752 1166 2786 alicui
1186 2753 1261 2786 No·

432 2834 435 2838 ,
456 2838 460 2847 a
486 2803 579 2834 tario
593 2803 737 2848 cognito
752 2799 794 2834 ad
810 2802 964 2836 formam
983 2800 1262 2837 Constitutionis

430 2885 431 2889 ,
485 2849 519 2883 S.
533 2851 582 2884 M.
601 2850 695 2884 Pauli
712 2850 765 2883 PP.
782 2851 814 2884 V.
828 2852 978 2897 impraefffi
999 2860 1098 2896 penes
1114 2852 1266 2897 Rt'dosfhz.

486 2902 522 2934 in
546 2908 640 2945 prox.
659 2900 921 2945 fol.669.1'bi,‚
940 2901 1081 2935 Notarii
1110 2913 1181 2937 non
1207 2915 1268 2937 au-

487 2974 512 2992 „
538 2949 615 2984 deas
628 2950 795 2995 stipulare
806 2949 1263 2998 obligationesaliaque&c.

486 3022 511 3040 2,
539 3002 647 3034 etiam
664 3001 766 3045 parvi
784 3002 985 3040 momenti,
1013 2999 1077 3034 nist
1094 3003 1151 3036 vel
1166 3001 1264 3036 Con-

489 3075 515 3092 „
542 3049 724 3084 trahentes
738 3048 803 3093 ipsi
819 3049 961 3084 Notarii
978 3050 1066 3084 bene
1082 3054 1266 3092 noverint,

485 3123 512 3139 ³,
538 3100 596 3132 vel
626 3099 668 3133 ab
699 3111 768 3133 uno
791 3100 916 3134 saltem
933 3112 976 3135 ex
993 3101 1153 3136 Testibus
1181 3113 1263 3138 cum

483 3171 512 3192 §a
538 3148 748 3192 Jurameuto
774 3149 942 3189 adhibitis
979 3153 1142 3200 cognitos
1166 3152 1264 3199 effe-2

653 181 959 238 CAPVT
996 155 1552 236 VJGESJMVM
1586 175 1952 233 SEXTVM

1325 259 1367 283 21
1399 273 1423 289 ³,
1449 251 1557 284 sCIant
1569 275 1593 290 2,
1608 262 1710 294 quani
1729 250 1867 290 refert,
1894 250 1927 283 &
1943 250 2099 295 {equitur
2114 251 2172 295 Re-

1398 308 1434 332 ιἰι
1448 303 1482 333 in
1499 300 1637 333 Romana
1658 301 1718 345 sbti
1733 299 1918 333 Floret-mna
1935 297 2173 343 Reintcgrtzrt'o'.

1399 350 1449 384 nis
1477 351 1622 383 Locorum
1642 351 1807 383 Μοηῑίιινη
1831 350 1884 384 16.
1899 350 1999 384 Jnnt'i
2019 357 2120 394 1755.
2147 351 2175 395 §.

1398 402 1527 447 quoties
1545 412 1608 433 cor.
1623 400 1698 434 Rn‘zo
1714 399 1747 432 P.
1762 401 1800 434 D.
1816 401 2007 433 Hirr-eiciam
2026 400 2152 433 Decumo
2166 426 2174 434 .

1330 460 1378 486 22
1405 450 1526 484 Testes
1553 458 1672 483 autem
1698 449 1986 496 recognoscentes
2000 449 2178 484 caraCthe-

1407 510 1484 533 rem
1499 524 1509 538 ,
1537 500 1597 532 vel
1612 498 1867 533 constituentis
1885 499 1945 533 vel
1962 497 2107 534 Notarii
2126 501 2178 533 al-

1402 551 1522 594 legare
1546 547 1677 583 debent
1698 547 1848 582 Causam
1864 549 2026 583 Scientiae
2041 574 2052 589 ,
2078 562 2178 584 nem—

1402 611 1448 645 pe
1476 600 1555 644 quia
1579 598 1660 633 illos
1676 598 1795 643 plures
1810 599 1967 632 scribere
1983 598 2149 635 vidissent
2166 626 2178 641 ,

1403 647 1596 693 perfec'tam
1610 646 1820 683 caraetheris
1843 648 2092 695 cognitionem
2118 651 2178 685 ha-

1404 698 1553 734 buissent
1572 700 1605 732 &
1622 697 1748 733 fimilia
1763 699 1829 733 &m

1328 760 1372 795 23
1405 749 1489 789 Jura
1506 760 1593 784 vero
1609 749 1860 793 provenientia
1872 746 2064 784 abEtruria
2083 762 2179 785 reco-

1401 799 1521 847 gnosci
1535 801 1711 844 privative
1728 797 1857 832 debent
1876 797 1894 831 a
1912 797 2065 833 Notario
2082 800 2179 835 Con—

1401 849 1534 885 rolatus
1552 849 1752 883 Florentini
1777 850 1889 883 stante
1913 850 2087 894 peculiari
2104 849 2180 884 Pri-

1402 900 1541 947 vilegio
1568 898 1685 933 eidem
1712 907 1943 943 competente
1961 924 1973 939 ‚
1999 901 2057 934 cui
2086 899 2181 935 nihil

1328 961 1376 996 24
1403 948 1600 984 detrzustum
1616 949 1683 983 fuit
1707 951 1742 982 in
1759 946 1997 982 Constitutione
2011 949 2041 983 S.
2060 956 2108 985 M.
2123 951 2181 983 Re-

1400 1000 1523 1034 nedicti
1537 999 1691 1033 PRXIII.
1706 999 1795 1032 edim
1809 998 1863 1031 die
1879 999 1936 1034 28.
1952 999 2070 1043 Mensis
2084 999 2182 1044 Apri-

1405 1052 1449 1084 lis
1463 1051 1540 1082 anni
1558 1050 1666 1093 1728.
1681 1049 1853 1093 incipien.
1867 1061 1936 1082 cum
1952 1050 2088 1084 nofi‘rnm
2102 1053 2182 1091 ‹in-2

1400 1102 1525 1144 primis
1542 1097 1754 1143 Officz‘umfhl.
1772 1110 1829 1144 37.
1845 1097 1889 1132 Et
1918 1097 1941 1131 fi
1972 1100 2104 1145 deponi
2120 1098 2182 1134 de-

1330 1160 1378 1193 25
1408 1150 1466 1184 bet
1495 1150 1645 1194 pecunia
1674 1150 1893 1193 proveniens
1920 1160 1938 1181 a
1954 1147 2181 1184 Venditione

1398 1201 1586 1236 Locorum
1611 1199 1799 1233 Montium
1815 1222 1826 1236 ,
1848 1197 2062 1242 Depositum
2090 1212 2108 1234 a
2124 1200 2184 1239 Ju-

1408 1249 1486 1284 dice
1503 1248 1678 1283 Romanae
1694 1248 1817 1283 Curiae
1848 1249 1923 1282 fieri
1951 1248 2186 1286 demandatur

1405 1301 1442 1334 in
1469 1299 1610 1346 publica
1625 1297 1732 1343 Capfiz
1748 1299 1850 1344 Regii
1867 1298 2057 1343 Hqspc‘mlls
2071 1300 2100 1334 S.
2115 1302 2187 1333 Mt.

1404 1354 1468 1385 riae
1495 1362 1583 1383 πατὴρ
1606 1347 1771 1383 Civitatis
1797 1349 1991 1384 Florente'ae.
2019 1349 2084 1384 Sed
2111 1361 2186 1385 non

1332 1401 1381 1438 26
1408 1402 1455 1434 ita
1472 1396 1776 1445 recognoscuntur
1790 1398 1875 1437 Jura
1888 1398 1929 1432 ab
1942 1397 2041 1435 Urbe
2059 1399 2186 1436 Romae

1407 1449 1601 1485 transmiffa
1617 1450 1653 1483 in
1669 1460 1807 1483 exteras
1824 1446 2000 1484 Civitates
2015 1475 2027 1491 ,
2052 1449 2189 1497 fignan-

1406 1511 1462 1536 ter
1486 1499 1542 1535 ubi
1556 1498 1648 1535 adest
1664 1498 1936 1534 commercium
1951 1524 1963 1540 2
1988 1511 2071 1534 nam
2087 1512 2189 1546 opor-

1409 1561 1486 1591 tet,
1510 1560 1546 1585 ut
1563 1548 1799 1596 obsignentur
1821 1561 1838 1583 a
1855 1549 1991 1585 duobus
2008 1550 2189 1598 Argenta-

1410 1602 1470 1635 riis
1483 1625 1494 1641 ,
1519 1601 1576 1635 seu
1593 1599 1743 1645 publicis
1761 1599 2062 1645 Negociatoribus
2078 1627 2086 1636 .
2116 1601 2188 1651 Ex-

1339 1662 1388 1699 27
1416 1650 1546 1686 hibitio
1569 1661 1687 1685 autem
1705 1649 1844 1688 Jurium
1868 1651 1901 1683 ὃ(
1917 1650 2188 1694 Scripturarum

1412 1703 1449 1736 in
1464 1698 1619 1735 Archiam
1635 1699 1783 1735 Urbano
1798 1701 2007 1745 aequipollet
2025 1704 2190 1748 recogni-

1415 1752 1506 1786 tioni
1521 1751 1688 1786 faciendae
1708 1751 1744 1784 in
1762 1748 1862 1785 Urbe
1878 1762 1944 1794 per
1960 1750 2080 1786 Testes
2094 1748 2189 1796 'quod

1412 1801 1617 1845 Scripturas
1632 1811 1840 1835 exterarum
1858 1803 2042 1835 nationum
2059 1803 2092 1836 &
2105 1803 2190 1836 licet

1343 1852 1389 1887 28
1418 1863 1542 1886 omnes
1567 1851 1689 1886 Testes
1723 1850 2015 1897 recognoscentes
2042 1864 2190 1887 manum

1418 1904 1475 1938 seu
1491 1900 1731 1936 caradiherern
1749 1898 1817 1934 fint
1835 1901 1902 1936 fide
1916 1901 2040 1948 digni,
2053 1905 2190 1949 quoties

1416 1953 1596 1987 notoriam
1616 1963 1688 1986 non
1705 1952 1887 1995 patiantur
1915 1955 2165 1996 exceptionem
2179 1977 2192 1994 ,

1415 2005 1495 2048 quia
1511 2002 1776 2046 praesumuntur
1789 2001 1912 2036 idonei
1926 2001 2038 2037 donec
2053 2013 2193 2037 contra-

1416 2055 1510 2087 rium
1527 2064 1598 2087 non
1628 2052 1802 2098 probetur
1829 2051 1925 2096 juxta
1949 2052 2189 2088 animadversa

1341 2115 1389 2148 29
1411 2113 1473 2148 per
1490 2102 1993 2147 Rot.dec2'f147.n.1.p.1.rec.‚
2008 2103 2187 2137 Attamen

1411 2154 1562 2200 rigidius
1590 2152 1797 2196 proceditur
1826 2154 1862 2186 in
1887 2153 2042 2186 Materia
2070 2153 2184 2187 Loco-

1412 2215 1493 2237 rum
1521 2203 1734 2242 Montium,
1760 2201 1794 2234 &
1823 2203 2020 2246 requiritur
2046 2226 2058 2242 ‚
2096 2201 2190 2248 quod

1412 2252 1533 2289 Testes
1548 2253 1806 2286 examinentur
1831 2251 2076 2296 adpcrpetuam
2091 2276 2102 2292 ,
2131 2252 2192 2286 ubi

1411 2304 1531 2350 agitur
1546 2301 1590 2336 de
1605 2300 1785 2346 probanda
1799 2299 2006 2336 successione
2033 2302 2191 2337 intestata

1341 2363 1387 2400 30
1414 2354 1552 2387 servata
1577 2353 1693 2386 fornia
1720 2351 1924 2396 praescripta
1950 2353 1986 2385 in
2003 2350 2087 2396 Cap.
2112 2365 2190 2398 quo«

1413 2405 1501 2436 niam
1509 2402 1706 2450 frequenter
1720 2402 1843 2446 §.porro
1858 2411 1894 2435 ut
1911 2403 1964 2435 lit.
1979 2414 2034 2434 non
2050 2410 2188 2436 context.

1412 2452 1456 2487 de
1472 2465 1540 2498 qua
1556 2453 1628 2487 Rot.
1641 2451 1742 2496 decis.
1760 2450 1816 2486 86.
1837 2464 1866 2485 n.
1885 2462 1943 2486 21.
1959 2451 2077 2498 &seq.
2087 2460 2124 2496 p.
2136 2463 2145 2484 1
2157 2463 2190 2488 2.

1343 2517 1385 2551 31
1415 2515 1520 2536 recen.
1539 2527 1549 2540 ‚
1574 2501 1783 2548 quandoque
1807 2501 1929 2536 iisdem
1954 2502 2075 2536 Testes
2102 2500 2192 2536 affir-

1417 2562 1516 2587 mant
1542 2578 1553 2592 ‚
1590 2553 1798 2587 Montistam
1826 2551 1946 2586 obiisse
1975 2551 2047 2585 stne
2072 2551 2192 2586 Testa-

1414 2613 1564 2643 memo,
1590 2603 1623 2636 &
1640 2601 1818 2647 reliquisse
1840 2612 1981 2636 certum
2004 2613 2041 2636 ac
2068 2601 2191 2638 deter-

1418 2655 1595 2687 minatum
1623 2663 1815 2686 numerum
1846 2653 2049 2694 filiorum,
2074 2653 2106 2686 8<
2133 2665 2190 2685 noa:

1415 2706 1529 2740 ultra,
1554 2700 1761 2737 adducendo
1783 2700 1931 2737 Causam
1959 2702 2114 2737 scientiae
2143 2703 2190 2736 ita

1415 2752 1584 2788 &taliter
1613 2763 1649 2786 ut
1680 2762 1909 2787 removeatur
1926 2750 2129 2797 possibilitas
2152 2754 2189 2786 in

1344 2815 1388 2850 32
1415 2804 1637 2838 contrarium
1655 2829 1663 2836 .
1691 2803 1724 2837 Si
1750 2799 1839 2836 vero
1854 2803 2026 2836 Montifla
2053 2801 2189 2836 decellit

1417 2853 1541 2899 absque
1566 2853 1686 2890 filiis,
1713 2851 1841 2887 debent
1857 2852 1977 2887 Testes
2003 2854 2040 2886 in
2064 2862 2188 2885 eorum

1416 2905 1581 2938 examine
1596 2900 1812 2937 concludere
1828 2902 2037 2937 Haereditati
2063 2902 2189 2937 succes-

1414 2952 1486 2988 fiss'e
1516 2952 1564 2987 N.
1584 2951 1658 2992 N.,
1686 2962 1807 2995 utpote
1835 2953 2099 2997 proximiorem
2125 2954 2188 2985 im,

1415 3002 1529 3048 gradu'
1542 3000 1743 3037 succeffibili
1758 3026 1767 3039 ,
1787 3003 1976 3049 allegando
1991 3003 2190 3047 paritosmi-

1416 3063 1472 3087 ter
1500 3052 1649 3087 Causam
1679 3052 1841 3086 Scientiae
1862 3077 1873 3090 ,
1899 3053 1931 3086 ἅτ
1959 3050 2190 3087 comitando,

1416 3103 1509 3148 quod
1526 3115 1579 3139 res
1594 3103 1698 3137 aliter
1715 3105 1747 3137 se
1764 3102 1891 3137 habere
1904 3114 1974 3136 non
1992 3100 2106 3147 possit,
2120 3112 2188 3147 quo

1418 3155 1538 3189 minus
1554 3152 1617 3202 ipsi
1635 3153 1755 3190 Testes
1770 3153 1965 3191 nescirent.
2018 3200 2049 3236 A

2056 3211 2139 3238 tque
