2300 3547
420 264 503 299 sunt
517 259 586 298 ess'e
597 261 814 308 multiplicis
826 263 983 311 generis,
994 272 1128 307 nempe
1140 261 1221 307 pos-

421 313 504 349 sunt
521 314 721 358 importare
747 312 1004 359 subjeffionem
1035 311 1220 357 Majorati-

419 361 500 404 bus,
514 360 1217 413 Primogeniis,Fideicommiffis‚Multi-

420 413 526 458 plicis
536 413 716 450 ordinatis
725 425 793 460 pro
802 413 1092 461 reintegratione
1102 412 1219 458 partis

421 462 610 500 Bonorum
625 463 644 499 Ξι
669 465 695 498 F
697 463 955 500 ideicommissb
970 475 1013 499 av
1021 462 1218 498 ustorum-a

352 520 400 559 1¹7
427 513 613 549 mediante
640 513 906 562 Chirographo
936 514 1131 550 Pontificio
1143 541 1156 557 ,
1182 515 1218 548 &

424 566 545 612 gratia
559 562 913 612 derogationisrfaeta
926 563 946 599 a
972 562 1142 611 Principe
1158 563 1218 599 sub

424 614 526 661 Lege
537 639 550 655 ,
580 625 652 661 quo
666 624 765 650 certa
779 616 898 661 partio
927 613 1114 650 Bonorum
1129 617 1218 650 alie-

421 663 630 700 nandoruni
645 665 856 700 investiatur
869 688 881 702 ,
898 665 933 700 &
949 666 1217 712 multiplicetur

419 715 480 750 vel
495 713 630 750 frudus
645 717 802 751 aliorum
821 714 1005 751 Locorum
1026 718 1218 753 Montium

418 764 657 810 subjiciantur
675 765 891 811 Multiplico
909 767 1015 812 usque
1026 768 1068 804 ad
1082 772 1215 805 reinte-

419 817 627 864 grationem
645 813 794 850 Valoris
810 815 998 851 Bonorum
1014 841 1025 856 ,
1038 831 1117 865 quae
1132 821 1215 856 alie-

348 865 391 898 18
420 874 504 899 nata
519 866 621 900 fuere
636 891 646 899 .
674 865 884 913 Itidemque
903 864 1061 903 Vincula
1077 872 1212 916 apponi

418 917 545 951 valent
561 927 629 962 pro
645 914 834 950 Eviffione
850 917 1035 952 Bonorum
1052 921 1211 956 vendito-

417 978 500 1001 rum
513 992 523 1005 ‚
540 977 606 1012 pro
621 964 801 1001 Cautione
816 965 860 1002 de
877 968 1098 1004 restituendo
1113 972 1211 1016 prio-

418 1015 517 1050 ribus
529 1041 539 1056 ‚
552 1017 585 1050 &
603 1015 806 1060 potioribus
823 1016 1079 1055 Creditoribus
1094 1045 1106 1059 ,
1119 1022 1154 1055 ὃ(
1168 1021 1212 1056 de

418 1065 685 1101 contribuendo
701 1078 783 1101 cum
800 1066 994 1114 aequalibus
1014 1094 1026 1110 ‚
1055 1068 1126 1105 five
1144 1083 1211 1116 pro

416 1115 600 1150 Cautione
615 1118 771 1160 praestita
783 1142 794 1157 ‚
822 1119 916 1163 quod
934 1118 1051 1153 Tutor
1064 1144 1076 1160 ,
1094 1121 1210 1156 Cura-

418 1175 478 1200 tor
496 1192 505 1206 ,
524 1165 739 1201 Procurator
755 1191 766 1205 ,
781 1166 934 1202 Exactor
946 1193 958 1208 ,
972 1170 1102 1216 aliique
1120 1171 1211 1206 bona

415 1215 718 1252 administrabunt
733 1241 744 1256 ,
773 1217 805 1251 8<
837 1219 1022 1254 restituent
1057 1222 1209 1269 reliqua-

415 1276 495 1300 tum
525 1266 709 1302 Bonorum
736 1266 1070 1305 administratorum
1099 1296 1110 1309 ‚
1150 1273 1210 1307 vel

347 1325 392 1361 19
420 1315 515 1362 quod
531 1318 621 1352 stare
636 1315 788 1356 debeant
816 1315 938 1353 affecta
953 1344 963 1360 ‚
989 1321 1024 1354 8<
1053 1320 1210 1369 hypote-

415 1377 490 1401 cata
507 1378 574 1411 pro
589 1366 882 1412 adimplemento
913 1369 1174 1415 Legatorum
1196 1397 1210 1414 ,

414 1417 448 1451 ὃ(
464 1418 622 1454 aliorum
637 1429 893 1454 contentorum
908 1421 944 1454 in
962 1419 1209 1458 Testamenta-

417 1469 480 1501 riis
495 1468 644 1504 Tabulis
659 1493 670 1509 ,
698 1469 758 1503 vel
773 1470 866 1515 quod
884 1471 974 1505 stent
1001 1482 1071 1517 pro
1096 1474 1209 1509 fundo

413 1515 552 1559 dotali,
580 1520 641 1553 vel
669 1517 764 1565 quod
779 1530 851 1553 non
878 1519 1004 1563 possint
1033 1522 1212 1566 alienari,

414 1567 480 1600 nisi
497 1570 573 1612 post
589 1580 695 1615 quam
713 1571 860 1611 Haeres,
885 1571 919 1604 &
938 1571 1154 1620 Legatarius
1167 1574 1210 1610 ad

414 1629 553 1653 certam
565 1630 707 1654 aetatem
718 1622 1031 1666 pervenerint,vel
1047 1626 1141 1669 quod
1153 1625 1210 1661 de-

412 1667 519 1702 beant
537 1670 573 1703 in
589 1670 681 1705 Casu
698 1668 818 1705 delicti
835 1672 985 1713 restitui,
1000 1674 1056 1707 seu
1073 1673 1208 1711 deferri

414 1718 567 1755 aliis,vel
584 1720 729 1754 tandem
746 1721 840 1767 quod
856 1721 991 1757 frutstus
1010 1723 1077 1758 sint
1097 1727 1208 1761 reser-

337 1777 387 1803 20
415 1770 492 1802 vati
509 1770 633 1804 favore
647 1769 988 1811 UxorisAEiliarum,
1003 1772 1208 1818 Nepotum,

412 1819 446 1851 &
465 1817 657 1862 similium,
671 1833 749 1867 quae
767 1820 929 1857 Vincula
942 1825 1126 1872 registrata
1143 1839 1209 1872 per

414 1867 594 1905 officiales
607 1872 815 1907 Secretariae
830 1874 1024 1908 Monrium
1037 1874 1123 1918 jussu
1139 1878 1211 1913 Ad-

413 1921 667 1956 ministratoris
685 1924 718 1957 in
736 1923 932 1959 Codicibus
962 1926 1075 1972 vulgo
1106 1927 1206 1974 Regi-

403 1968 493 2015 strt',
522 1983 560 2007 ac
576 1971 745 2007 adnotata
776 1975 812 2009 in
848 1974 982 2010 Literis
1002 1975 1208 2015 Parentibus

339 2029 383 2055 21
417 2019 573 2058 reddunt
591 2021 686 2058 Loca
704 2025 890 2059 Montium
909 2026 1094 2062 vinculata
1111 2030 1212 2075 quid-

411 2071 495 2116 quid
510 2073 590 2107 effer
605 2075 743 2120 quoties
755 2073 1010 2110 dic‘laVincula
1022 2088 1126 2112 extra
1144 2078 1210 2116 Re-

410 2123 523 2168 gestra
541 2123 720 2160 librorum
738 2125 1022 2170 publicorurm&
1038 2137 1140 2163 extra
1155 2131 1213 2167 lit.

411 2181 501 2205 teras
515 2183 671 2215 patentes
688 2178 912 2220 perprivatas
932 2177 1092 2212 partium
1110 2178 1210 2216 Con-

414 2224 607 2258 ventiones
623 2226 733 2260 essent
750 2226 861 2272 posita
878 2250 887 2264 ‚
919 2236 1005 2261 tunc
1021 2231 1116 2262 enim
1136 2243 1210 2267 non

412 2271 590 2308 tollerent
631 2275 837 2310 libertatem
881 2276 1062 2311 Locorum
1091 2280 1207 2316 Mon-

413 2322 505 2356 tium
523 2348 531 2361 ‚
562 2334 598 2359 ut
617 2325 810 2370 perpendit
826 2326 926 2362 Card.
945 2328 983 2361 dc
999 2328 1124 2363 Luc.de
1140 2330 1205 2365 Re-

405 2373 474 2414 gal.
488 2372 570 2417 disc.
586 2376 644 2409 26.
662 2387 720 2420 27·
736 2378 793 2411 28.

333 2433 382 2458 22
411 2418 568 2458 Vincula
585 2426 751 2469 praeditsta
769 2438 832 2471 per
848 2426 988 2466 Judices
1011 2428 1206 2464 ordinarios

407 2469 521 2506 deleri
538 2477 703 2519 possunt,
733 2481 941 2524 pariterque
966 2489 1033 2523 per
1061 2480 1204 2516 eofflem

410 2520 549 2559 Iudices
564 2529 740 2563 declarari
757 2530 896 2572 potest,
924 2526 1018 2572 quod
1041 2529 1103 2564 illa
1122 2533 1204 2566 vin-

334 2581 381 2619 23
411 2573 491 2607 cula
509 2587 579 2610 non
599 2575 743 2618 adsint,
767 2579 824 2612 vel
852 2577 1065 2612 cessaverint
1094 2603 1105 2617 ‚
1144 2581 1204 2616 sed

410 2623 511 2659 caute
530 2627 636 2662 iidem
655 2627 795 2665 Judices
814 2626 1026 2672 procedant,
1041 2629 1075 2662 δι’
1094 2629 1116 2664 fi
1134 2631 1205 2666 Ar-

331 2683 381 2718 24
408 2674 540 2711 ticulus
568 2676 797 2722 probabilem
825 2678 984 2713 involvat
1014 2678 1203 2717 difficulta-

406 2731 481 2758 tem
500 2753 507 2765 ,
538 2728 643 2762 satius
659 2730 757 2768 erit,
784 2726 806 2761 si
846 2740 918 2762 non
932 2729 966 2763 se
984 2730 1149 2777 ingerant
1167 2735 1203 2767 in

404 2774 588 2811 deletione
617 2777 832 2814 eorumdem
865 2777 1112 2815 vinculorum
1129 2808 1137 2815 .
1165 2782 1201 2817 Si

404 2833 493 2857 vero
507 2830 728 2873 cognoscunt
747 2830 867 2864 locum
880 2829 947 2863 esse
965 2829 1141 2866 mandatis
1159 2831 1205 2868 de

404 2871 559 2910 delendo
580 2878 659 2912 talia
684 2877 843 2914 Vincula
862 2904 872 2918 ‚
899 2879 934 2913 &
950 2879 1074 2915 vident
1088 2881 1202 2919 adesse

331 2929 379 2962 25
408 2923 595 2968 probabile
623 2927 789 2962 interesse
806 2930 1028 2976 Aliquorum
1044 2931 1089 2966 de
1105 2944 1204 2977 prae-

408 2977 497 3009 lenti
516 2977 550 3011 in
570 2990 629 3018 re,
660 2979 721 3013 vel
737 2979 892 3013 aliorum
910 2980 945 3013 in
963 2981 1131 3017 futurum
1163 2985 1201 3018 in

403 3023 463 3066 spe
477 3049 487 3061 ‚
502 3037 603 3069 puta,
620 3027 847 3064 vocatorum
874 3031 916 3065 ad
935 3030 1204 3068 Fideicommis-

405 3072 482 3107 sum
499 3100 510 3114 ‚
536 3087 622 3112 tunc
639 3080 731 3114 nihil
750 3079 976 3121 decernent,
997 3092 1068 3115 non
1084 3084 1203 3120 citatis

404 3122 570 3176 interesse
589 3128 804 3168 habentibus
820 3130 946 3166 sivein
967 3141 1005 3165 re
1022 3156 1033 3171 ,
1062 3130 1135 3166 five
1162 3134 1202 3169 in

402 3174 465 3218 ipe
480 3185 526 3211 ex
544 3177 697 3216 firmatis
722 3189 787 3225 per
813 3182 907 3218 Surd.
920 3182 1006 3228 Wzfi
1021 3195 1080 3230 39.
1094 3195 1126 3219 n.
1143 3194 1205 3221 20.

697 188 940 248 CAPVT
966 180 1402 245 VIGESIMHM
1437 185 1578 244 TER
1588 186 1666 244 TI
1670 186 1780 243 HM
1789 186 1804 239 .’

1368 257 1410 292 &
1422 259 1523 304 deczs
1539 261 1623 299 256.
1642 272 1674 292 ιι.
1692 270 1725 301 5.
1740 259 1815 293 Καί.
1829 256 1892 291 dec.
1905 269 1964 305 77.
1979 270 2010 290 n.
2030 268 2084 303 14.
2101 258 2160 291 Za-

1294 309 1344 346 26
1369 316 1437 342 rat.
1454 334 1463 351 ‚
1491 314 1523 345 &
1541 321 1612 344 non
1630 307 1805 355 deputato
1819 308 2001 344 Curatore
2027 308 2159 343 futuris

1366 370 1456 394 voca
1465 358 1508 393 tis
1525 370 1597 394 non
1614 362 1705 394 natis
1719 385 1731 401 ,
1759 371 1840 395 nam
1857 360 1961 393 &illi
1980 357 2083 392 citari
2098 356 2158 393 de·-

1294 418 1344 458 27
1371 408 1457 443 bent
1473 418 1551 443 tum
1565 421 1610 445 ex
1626 409 1854 455 dispositione
1867 411 1960 450 Juris
1974 408 2158 456 Seffidccisl

1367 462 1507 503 Aragon.
1521 470 1555 504 4.
1570 460 1844 507 nztrn.50.&seq.
1859 461 1900 496 Θ
1916 461 2012 506 decis.¹
2031 470 2062 502 5.
2078 473 2108 494 n.
2125 469 2159 500 5.

1368 506 1494 555 &fiq-
1508 520 1572 543 cor.
1588 510 1662 544 Pen.
1676 518 1746 544 tum
1761 523 1799 544 ex
1814 510 2045 558 Constnumne
2061 511 2090 547 S.
2106 511 2156 544 M·

1365 559 1534 592 Benediai
1550 558 1606 593 PP.
1622 559 1708 594 XIV.
1724 561 1813 595 edita
1826 562 1896 606 sub
1909 576 2024 597 annum
2051 575 2158 610 1744.

1293 609 1340 645 28
1369 608 1675 654 quaepraescripfit
1692 609 1909 647 Curatorem
1925 625 1963 649 ut
1979 615 2083 660 supra
2099 616 2158 649 de-

1366 657 1573 703 putandum
1601 662 1669 696 effe
1696 661 1881 697 Curialem
1909 665 2007 699 Sacri
2034 666 2159 704 Palatii

1369 706 1569 754 Apostolici
1585 710 1628 745 de
1645 709 1843 759 Collegi03
1873 714 2001 761 illique
2018 727 2158 753 tantum

1292 767 1343 802 29
1370 761 1484 805 potest
1498 760 1666 808 derogari
1682 763 1961 808 peri¹rincipem
1977 776 2082 809 prout
2099 775 2159 803 lae-

1364 809 1501 856 pissime
1515 808 1732 858 derogatum
1748 813 1795 847 est
1809 813 1870 848 sub
1886 826 2021 850 annum
2048 828 2156 866 ¹759-

1364 873 1430 896 ceu
1445 870 1543 907 patet
1558 873 1601 895 ex
1622 859 1799 897 mandatis
1816 861 1863 897 R.
1879 864 1917 899 P.
1933 864 1983 900 D.
1997 865 2156 914 Nigroni

1362 911 1653 948 AuditorisSsffii
1673 911 2155 964 vigoreChirographorum

1362 960 1547 1009 expeditis
1564 974 1630 1007 per
1643 961 1715 997 aesia
1733 963 1856 997 Monti
1885 965 1928 999 ad
1944 967 2156 1006 Iniiantiam

1363 1011 1589 1048 Marchiouis
1605 1012 1742 1059 Angeli
1759 1011 1941 1049 Gabrielli
1955 1041 1965 1054 ,
1995 1017 2154 1055 Comitis

1363 1061 1569 1098 Alexandri
1586 1062 1796 1099 Marescotti
1811 1087 1823 1103 ,
1849 1064 2003 1101 Comitis
2017 1067 2152 1106 Rober-

1363 1115 1391 1147 ti
1409 1113 1544 1152 Orfini‚
1559 1116 1592 1148 Sc
1610 1113 1767 1148 aliorum
1783 1114 1850 1148 &m
1864 1126 1899 1149 at
1915 1116 1958 1150 de
1976 1118 2033 1152 ista
2049 1119 2157 1155 dero-

1362 1166 1511 1210 gatione
1527 1161 1636 1207 plene
1649 1166 1809 1200 constare
1824 1161 1930 1200 debet
1946 1179 1990 1202 ex
2018 1167 2153 1206 Chiro-

1361 1215 1510 1260 graphis
1526 1214 1560 1247 &
1578 1213 1764 1251 Mandatis
1779 1214 1959 1258 praedietis
1971 1242 1981 1251 .

1291 1272 1337 1307 30
1365 1264 1515 1308 Qioties
1532 1274 1620 1298 vero
1635 1267 1756 1313 agitur
1771 1264 1815 1299 de
1833 1264 1986 1303 delendo
2016 1267 2158 1306 Vincu-

1362 1314 1400 1347 lo
1417 1315 1689 1351 Fideicommilii
1702 1339 1714 1353 ,
1745 1316 2048 1364 Primogeniturae
2064 1344 2075 1357 ,
2089 1321 2157 1356 vel

1363 1363 1561 1409 Majoratus
1589 1368 1759 1411 generice
1788 1366 1948 1413 expraessi
1976 1370 2012 1403 in
2044 1372 2159 1406 literis

1366 1413 1577 1451 Parentibus
1591 1428 1629 1449 ac
1646 1419 1798 1453 relative
1813 1419 1854 1452 ad
1872 1417 2159 1463 Testamentum,

1365 1467 1422 1500 vel
1439 1466 1672 1502 donationem
1691 1477 1852 1514 rogatam
1871 1468 1932 1502 sub
1956 1473 2064 1506 certis
2080 1472 2135 1506 die
2148 1498 2159 1512 ‚

1364 1514 1542 1558 Mense,&
1558 1518 1765 1560 amperacta
1782 1521 1871 1553 certi
1890 1517 2155 1559 Notarii‚debet

1362 1566 1489 1611 inspici
1504 1581 1543 1603 ac
1554 1568 1748 1611 ponderari
1763 1579 1833 1604 tota
1849 1568 2156 1613 dispositio'lesta-

1363 1621 1542 1654 mentaria
1557 1641 1567 1654 ι
1593 1620 1654 1653 vel
1671 1618 1889 1654 Donationie.
1918 1632 1983 1665 per
2011 1625 2156 1657 relatio-

1290 1675 1331 1707 31
1363 1678 1445 1701 nem
1460 1669 1630 1714 cxpraessa
1654 1670 1691 1705 in
1706 1671 1820 1705 literis
1848 1669 1955 1705 Pateu
1977 1670 2056 1707 ibus
2072 1697 2083 1710 ,
2109 1686 2156 1710 ex

1360 1729 1430 1763 quo
1446 1722 1601 1756 relatum
1617 1721 1716 1757 estin
1735 1722 1919 1755 referente
1934 1733 2017 1757 cum
2032 1726 2155 1758 omni-

1362 1767 1425 1804 bus
1443 1772 1512 1806 suis
1527 1771 1763 1818 qualitatibus
1781 1774 1803 1805 L
1823 1771 1894 1816 Alfio
1910 1773 2064 1820 totoffde
2081 1775 2154 1809 Hae.

1362 1821 1422 1853 red
1438 1821 1542 1868 Instit-
1558 1825 1622 1866 Asi
1635 1822 1860 1867 z'mfirtpjbro
1868 1821 1911 1867 ffss
1923 1823 1958 1855 de
1976 1826 2098 1857 condt‘tss>
2112 1824 2153 1859 &

1360 1871 1566 1908 demonstrat.
1595 1872 1667 1908 Rot.
1682 1876 1780 1917 decljss
1805 1875 1884 1907 181.
1900 1886 1984 1908 num.
2002 1875 2034 1908 8.
2064 1875 2155 1920 apud

1362 1919 1440 1955 Pari.
1453 1928 1490 1955 de
1504 1923 1528 1957 S
1530 1922 1675 1959 ubahafz'.
1690 1938 1725 1957 tn
1741 1925 1847 1958 addit.
1863 1926 1948 1968 quin
1976 1926 2050 1958 imo
2062 1926 2154 1960 rela-

1289 1978 1336 2013 32
1365 1981 1440 2005 tum
1460 1977 1570 2020 magis
1595 1974 1855 2009 attendendum
1876 1976 1922 2007 est
1938 2000 1948 2013 ‚
1977 1987 2081 2016 quam
2100 1988 2154 2010 re-

1364 2024 1484 2058 serens
1498 2024 1570 2059 Κατ.
1584 2026 1685 2070 decgfi
1694 2028 1779 2069 489.
1800 2037 1830 2058 n.
1848 2036 1881 2060 2.
1897 2036 1957 2058 cor.
1974 2022 2074 2071 Greg,
2088 2051 2099 2066 ,
2113 2025 2154 2060 ᾤ’

1363 2073 1463 2117 decgss
1479 2078 1562 2118 589,
1577 2088 1608 2110 n.
1626 2086 1658 2120 7.
1673 2087 1725 2109 cor
1752 2076 1888 2109 Met-lin.
1918 2086 2076 2110 maxime
2092 2088 2154 2111 iri-³

1289 2128 1339 2165 33
1371 2127 1520 2160 materia
1542 2126 1723 2161 Locorum
1740 2126 1928 2159 Montium
1945 2131 1980 2159 in
1999 2138 2065 2170 qua
2082 2138 2155 2161 non

1365 2173 1448 2207 licet
1463 2175 1763 2210 Administratori
1781 2174 1978 2223 transgredi
1996 2177 2153 2211 formam

1290 2232 1337 2266 34
1366 2221 1587 2261 Testamenti
1605 2251 1617 2266 ,
1629 2225 1865 2262 Donationis,
1879 2228 1935 2260 teu
1952 2226 2098 2262 alterius
2113 2226 2150 2261 di

1359 2272 1561 2316 spofitionis
1576 2275 1619 2311 ab
1634 2287 1677 2310 eo
1690 2276 1810 2311 relatae
1832 2277 1867 2310 in
1891 2276 2009 2311 literis
2027 2275 2149 2311 Paten-

1360 2322 1455 2358 tibus
1467 2348 1479 2362 ‚
1508 2324 1602 2361 unde
1633 2327 1675 2360 fit
1689 2352 1701 2368 ‚
1726 2325 1821 2372 quod
1848 2326 1991 2366 Iudices
2019 2325 2150 2361 debent

1283 2381 1330 2417 35
1356 2372 1481 2409 sedulo
1495 2401 1507 2416 ,
1531 2377 1567 2411 &
1581 2387 1720 2412 attente
1734 2376 1913 2422 inspicere
1927 2401 1939 2416 ‚
1968 2381 2001 2413 δι
2018 2379 2149 2411 rimare

1357 2422 1605 2468 dispositiones
1623 2428 1772 2464 relatas,
1799 2428 1833 2461 &
1847 2427 2045 2464 secundum
2071 2428 2150 2462 illas

1353 2475 1553 2518 procedere
1569 2479 1687 2524 potius
1703 2503 1713 2519 ,
1727 2488 1833 2524 quam
1848 2477 1891 2513 ad
1911 2489 2076 2514 normam
2094 2490 2149 2513 re-

1354 2524 1555 2563 ferentium
1571 2538 1746 2574 quatenus
1762 2528 1817 2561 hae
1844 2526 2037 2564 deviarent
2064 2541 2081 2562 a
2096 2528 2150 2563 di-

1355 2574 1553 2620 spofitione
1568 2580 1679 2613 relata
1696 2578 1769 2613 Rot.
1784 2577 1884 2624 decis
1898 2590 1983 2625 543.
2004 2578 2044 2612 Εἴ
2061 2581 2147 2625 718.

1356 2625 1502 2674 utrobiq.
1516 2641 1566 2664 n.1
1576 2641 1608 2665 2.
1623 2641 1727 2663 coram
1744 2629 1885 2664 Merlin-
1898 2655 1906 2668 ,
1921 2630 1962 2664 Es?
1976 2629 2149 2664 Bononia-22.

1354 2674 1440 2718 rqlz'd
1461 2679 1621 2724 dottslss.
1635 2681 1729 2715 Maii
1748 2680 1892 2718 1665.§.
1906 2681 1987 2727 quin
2002 2679 2149 2714 ‘senator

1353 2737 1420 2761 cor.
1435 2725 1505 2764 bon.
1518 2743 1560 2764 m.
1575 2731 1680 2765 Emer.
1692 2731 1769 2771 Jun.
1792 2729 2041 2776 Quantumvis
2058 2740 2149 2764 vero

1281 2774 1330 2821 36
1355 2778 1538 2824 prohibita
1563 2780 1604 2816 fit
1621 2780 1808 2817 Alienatio
1833 2779 2015 2815 Locorum
2039 2780 2147 2815 Mon-

1357 2828 1449 2864 tium
1466 2830 1600 2872 donec,
1613 2836 1646 2868 δε
1661 2832 1842 2879 quousque
1858 2831 1968 2865 Filius
1982 2854 1991 2867 ‚
2007 2829 2145 2875 Nepos,

1354 2876 1429 2913 five
1444 2881 1535 2917 alius
1548 2883 1764 2928 quicumque
1780 2891 1853 2915 non
1869 2881 2080 2926 pervenerit
2093 2879 2144 2916 'ad

1354 2939 1490 2964 certam
1506 2956 1518 2972 ,
1543 2933 1577 2965 &
1592 2931 1870 2967 determinatam
1887 2941 2030 2966 aetatem
2043 2956 2054 2971 ‚
2079 2940 2144 2974 pu-

1354 2986 1391 3012 ta
1407 2987 1465 3019 25,
1483 2992 1661 3017 annorum
1676 3005 1687 3020 ‚
1709 2983 1758 3017 est
1776 2980 2066 3028 distinguendum
2082 2979 2143 3014 vel

1355 3029 1453 3064 enim
1469 3030 1635 3067 Testator
1649 3031 1776 3078 adjecit
1791 3035 1890 3067 aetati
1915 3030 2143 3067 dictionem

1352 3080 1536 3124 perfectam
1550 3092 1611 3117 aut
1626 3085 1813 3130 completam
1826 3108 1838 3124 ‚
1850 3084 1885 3118 ὃς
1902 3092 1982 3117 tunc
1997 3080 2081 3113 licet
2095 3081 2146 3115 in-

1352 3138 1478 3174 ceptus
1493 3130 1533 3166 stt
1549 3145 1660 3169 annus
1673 3132 1870 3181 vigesimus
1885 3133 2029 3178 quintus
2042 3140 2143 3166 >110ss

1355 3178 1483 3217 sufficit
1497 3206 1511 3225 ,
1523 3185 1604 3231 quia
1619 3196 1664 3221 ex
1680 3186 1870 3222 voluntate
1885 3180 2081 3237 Testatorif
2094 3191 2145 3214 re-

2016 3242 2094 3275 qut-
