2300 3547
208 260 337 308 viginti
362 266 502 307 quatuor
529 255 797 294 Procuratoribus
810 259 848 293 de
861 259 1002 307 Collegio
1020 284 1029 303 ‚
1056 258 1162 307 'quem
1177 256 1353 307 deputans
1367 258 1437 306 pro
1460 263 1518 297 sua
1543 214 1629 300 ἒοῐιέ

210 311 352 346 scientia
365 307 543 343 censuerit
560 310 669 356 magis
684 308 855 346 idoneum
870 334 880 348 ,
907 323 944 346 ac
959 311 1173 357 diligentem
1188 325 1197 346 :
1227 310 1433 357 Nullusque
1449 311 1562 356 Judex
1583 314 1626 349 ad

208 362 365 407 petitam
379 357 626 396 deletionem,
652 358 708 393 stu
723 360 949 396 cassationem
966 361 1158 406 procedere
1174 358 1277 406 possit
1292 387 1304 401 ,
1329 361 1394 396 nist
1422 363 1522 407 prius
1545 361 1622 398 Cu-

210 421 332 448 ratore
345 405 515 453 ejusmodi
529 408 765 452 personaliter
777 435 790 452 ,
815 411 1024 458 &legitime
1039 413 1075 446 in
1091 407 1406 459 singulis'Astibus
1419 414 1530 447 citato
1545 438 1554 446 .

308 459 421 495 Sicuti
437 467 558 493 autem
571 457 614 493 ad
630 457 725 494 hunc
742 460 939 506 pertinebit
951 459 1019 506 pro
1033 459 1153 496 debito
1167 460 1313 506 stiscepti
1329 460 1447 497 Officii
1461 485 1473 499 ‚
1490 461 1627 499 nedum

207 520 419 556 comparere
432 532 444 547 ‚
470 509 504 542 &
518 519 706 553 opponere
721 509 893 556 quidquid
908 511 950 546 de
965 510 1042 555 jure
1057 510 1314 557 opponendum
1332 513 1402 551 erit
1415 537 1426 551 ‚
1448 510 1507 547 sed
1521 513 1630 549 etiam

208 561 396 607 appellare
411 582 421 597 ‚
449 559 483 592 δέ
498 560 783 604 appellationem
799 562 959 596 viriliter
975 562 1139 608 prosequi
1155 561 1260 608 usque
1285 559 1328 596 ad
1352 560 1546 604 secundum
1571 561 1627 607 ju-

208 611 366 646 dicatum
380 607 555 643 inclusive
568 631 581 646 ‚
608 607 632 641 si
648 608 748 653 juxta
762 612 1014 647 conscientiam
1037 611 1132 646 suam
1150 610 1293 646 duxerit
1309 635 1320 649 ,
1346 623 1405 646 eos
1418 637 1430 653 ‚
1456 610 1526 657 pro
1553 614 1629 658 qui-

210 661 274 698 bus
291 659 481 706 deputatus
496 657 598 693 suita
613 658 736 698 Judice
749 661 878 705 primae
894 661 1071 696 Instantiae
1087 661 1186 696 fuisse
1209 671 1397 709 gravatos:
1427 662 1496 697 Ita·
1509 662 1628 697 conse-

209 721 362 758 quenter
378 734 391 750 ‚
415 720 460 749 ne
475 707 569 743 idem
582 707 739 744 Curator
753 709 872 746 debita
888 709 1054 745 mercede
1080 710 1260 745 fraudatus
1285 720 1468 746 remaneat
1481 736 1493 752 ‚
1522 712 1628 747 volu-

211 773 292 797 mus
307 784 316 799 ‚
344 760 379 794 &
393 757 599 794 mandamus
611 784 623 798 ,
648 769 685 794 ut
700 758 764 804 ipsi
789 759 833 795 de
858 760 1023 796 omnibus
1037 784 1046 798 ‚
1073 761 1107 794 &
1135 759 1283 807 singulis
1298 785 1308 799 ‚
1336 771 1409 795 tam
1424 759 1628 796 Fune'tioni-

198 812 277 851 ‚bus
291 835 301 849 ‚
328 807 437 856 quam
451 806 706 854 Expensisper
719 821 804 844 eum
818 809 915 845 factis
928 835 941 851 ,
956 807 1138 857 postquam
1149 820 1276 845 taxatae
1292 810 1427 846 fuerint
1443 810 1486 845 ab
1501 811 1629 847 eodem

212 863 341 907 Capite
358 856 564 893 Tribunalis
579 881 589 895 ‚
616 861 907 905 quamprimum,
937 861 970 894 8<
987 862 1132 909 integre
1147 861 1292 897 satisfiat
1306 872 1390 895 cum
1404 860 1576 896 fructibus
1591 862 1629 896 il-

214 911 336 945 lorum
351 909 508 954 ipsorum
523 907 706 942 Locorum
721 909 908 945 Montium
921 935 934 951 ,
961 911 997 944 &
1011 908 1239 945 Vacabilium
1253 934 1266 948 ,
1292 908 1363 955 pro
1377 911 1503 957 quibus
1527 922 1629 946 tuen-

211 959 265 995 dis
280 958 420 995 labores
433 957 510 991 suos
523 957 769 1002 impenderit,
782 972 877 996 eum
891 960 1090 1009 privilegio
1115 960 1334 1007 potioritatis
1349 984 1360 1000 ,
1385 961 1420 995 &
1447 962 1628 1006 praelatio-

208 1011 263 1048 nis
278 1011 315 1044 in
328 1007 500 1043 concursu
514 1007 982 1057 aliorumquorumcurnque
991 1009 1227 1051 Creditorum
1241 1011 1350 1045 etiam
1364 1011 1474 1052 Fisci,
1500 1012 1541 1045 &-
1554 1011 1629 1045 Do-

210 1061 275 1094 tis:
302 1057 346 1093 Et
361 1067 533 1104 quatenus
546 1067 673 1105 agatur
689 1058 732 1093 de
746 1061 908 1105 pecuniis
934 1059 1101 1106 depofitis
1124 1072 1208 1096 cum
1231 1060 1352 1107 aliquo
1378 1071 1423 1094 ex
1448 1059 1628 1106 praediffis

207 1109 366 1146 vinculis
379 1133 392 1150 ,
417 1118 496 1156 quae
509 1107 629 1148 nullos
644 1111 791 1152 pariunt
805 1108 965 1148 studius:
993 1110 1175 1146 Volumus
1188 1135 1202 1151 ,
1228 1120 1266 1146 ut
1292 1108 1363 1156 pro
1386 1110 1564 1146 solutione
1578 1111 1631 1146 di-

209 1158 346 1206 &arum
359 1157 586 1194 functionum
599 1182 612 1199 ,
637 1159 670 1192 &
685 1160 922 1205 expensarum
935 1186 947 1201 ‚
973 1161 1035 1207 fiat
1051 1161 1247 1207 exequutio
1261 1171 1371 1195 manu
1387 1162 1482 1207 regia
1504 1171 1630 1196 contra

209 1222 294 1245 eum
307 1234 319 1250 ,
345 1209 405 1243 vel
419 1219 477 1242 eos
491 1231 504 1248 ‚
529 1209 589 1253 qui
603 1219 671 1253 pro
684 1207 868 1245 deletione
896 1210 1128 1249 vinculorum
1155 1211 1384 1250 insteterint,
1410 1209 1632 1257 expedienda

207 1260 250 1297 ab
264 1258 390 1297 eodem
405 1256 537 1301 Capite
553 1257 781 1298 Tribunalis,
793 1259 921 1307 absque
934 1260 1072 1308 eoquod
1085 1260 1302 1308 Appellatio
1318 1260 1404 1301 ulla,
1419 1271 1480 1296 aut
1496 1259 1633 1303 Recur-

208 1310 262 1345 sus
279 1321 346 1356 pro
360 1308 422 1355 illa
438 1306 649 1343 retardanda
663 1308 808 1357 admitti
823 1309 926 1356 possit
940 1337 950 1345 .

312 1360 486 1394 Praeterea
503 1368 539 1392 ut
553 1361 590 1393 in
608 1362 849 1406 exequutione
863 1359 1118 1407 praedistarum
1132 1359 1362 1396 citationum
1375 1360 1498 1396 nullus
1513 1360 1632 1396 collu-

209 1408 300 1445 sioni
317 1410 415 1444 locus
432 1409 682 1454 relinquatur,
708 1422 825 1457 neque
838 1413 993 1458 amplius
1007 1410 1070 1446 sub
1093 1411 1165 1453 sola
1193 1409 1264 1445 fide
1279 1435 1290 1449 ‚
1316 1411 1350 1445 &
1375 1410 1564 1446 assertione
1591 1411 1635 1444 il-

209 1461 278 1496 lius
293 1486 304 1501 ,
332 1461 390 1506 qui
405 1458 474 1504 pro
489 1458 672 1495 deletione
688 1461 921 1499 vinculorum
938 1462 1063 1504 instat,
1088 1463 1222 1496 citetur
1235 1461 1362 1507 aliquis
1383 1461 1631 1507 praecedenter

208 1510 252 1546 ab
267 1521 308 1544 eo
322 1509 535 1551 subornatus
549 1535 561 1550 ‚
587 1510 666 1549 cho
681 1510 781 1553 illius
799 1537 811 1551 ,
833 1511 992 1558 quivere
1006 1510 1167 1555 citandus
1193 1511 1275 1546 esset
1292 1525 1300 1545 :
1329 1509 1353 1544 fi
1381 1510 1518 1546 Cursor
1531 1534 1543 1549 ,
1568 1521 1630 1547 aut

208 1559 456 1596 Mandatarius
473 1559 563 1598 bene
577 1563 792 1607 cognoverit
810 1560 1000 1604 Personam
1015 1587 1028 1602 ,
1054 1573 1132 1606 quae
1148 1571 1302 1607 propter
1317 1560 1420 1596 suum
1443 1562 1632 1602 interesse,

210 1621 248 1645 ut
264 1612 370 1654 supra
384 1610 524 1645 citanda
539 1612 585 1647 est
600 1626 611 1650 3
641 1609 822 1648 Volumus
837 1624 920 1649 eum
935 1615 970 1647 in
989 1611 1166 1646 relatione
1181 1611 1434 1657 exequutionis
1450 1613 1635 1657 exprime-

209 1672 248 1696 re
264 1674 290 1696 :
303 1660 377 1694 Feci
386 1660 612 1705 personaliter
625 1669 735 1694 contra
749 1663 790 1695 N.
806 1662 847 1696 N.
862 1661 943 1696 mihi
958 1661 1035 1695 bene
1050 1665 1213 1708 cognitum
1227 1674 1252 1697 :
1265 1660 1301 1695 Si
1316 1658 1403 1696 verb
1418 1662 1446 1695 is
1461 1662 1522 1707 qui
1536 1662 1640 1696 citari

209 1710 317 1746 debet
332 1734 343 1748 ,
371 1709 549 1751 Cursori,
574 1721 634 1746 aut
651 1711 879 1746 Mandatario
895 1713 984 1748 bene
1000 1714 1165 1757 cognitus
1183 1723 1257 1746 non
1281 1712 1351 1746 erit
1367 1725 1376 1744 ε
1402 1711 1509 1746 Tunc
1531 1711 1638 1746 volu-

210 1773 292 1796 mus
307 1761 591 1806 inexequutione
606 1760 798 1796 Citationis
812 1765 963 1803 omnino
977 1762 1143 1797 adhiberi
1158 1772 1272 1796 unum
1285 1761 1412 1795 saltem
1429 1761 1569 1796 Testem
1595 1760 1639 1796 de

212 1812 344 1845 vicinia
362 1811 518 1856 probum
533 1835 544 1849 ,
571 1820 676 1857 atque
694 1811 880 1853 honestum
895 1836 908 1850 ,
934 1812 1108 1849 Cursori,
1135 1813 1170 1846 &
1184 1809 1413 1846 Mandatario
1427 1812 1639 1858 cognitum,

208 1865 342 1907 quique
358 1860 448 1895 bene
462 1861 649 1908 cognoscat
668 1861 934 1907 Personamejus
946 1887 958 1901 ,
983 1864 1045 1909 qui
1058 1860 1218 1897 citandus
1237 1862 1284 1895 est
1299 1886 1312 1901 ,
1338 1861 1372 1895 &
1387 1859 1516 1896 deinde
1533 1862 1570 1894 in
1587 1872 1640 1894 re-

208 1911 343 1945 latione
360 1913 613 1957 exequutionis
627 1913 786 1957 exprimi
800 1913 908 1948 :Feci
919 1914 1139 1958 personaliter
1148 1921 1260 1945 contra
1271 1911 1355 1947 N.N.
1365 1913 1530 1957 cognitum
1547 1911 1639 1945 N.N.

213 1958 298 1995 ‘Hm
311 1961 348 1994 de
364 1961 495 1995 Vz'cinia
518 1961 682 2008 praefi’rti
696 1972 807 2008 rogato
819 1986 830 2000 ,
856 1962 898 1996 δεῖ
909 1961 991 1996 mihi
1015 1960 1093 1995 bene
1108 1963 1269 2008 cognito:
1281 1959 1398 2000 Judex
1417 1970 1539 1995 autem
1563 1971 1640 1996 non.

210 2010 318 2046 modo
335 2010 522 2047 abstinebit
537 2025 555 2047 a
572 2011 767 2046 Deletione
780 2037 793 2052 ‚
819 2014 854 2047 &
867 2012 1056 2048 caffatione
1069 2012 1305 2047 vinculorum
1320 2036 1332 2051 ,
1344 2009 1412 2045 nisi
1426 2012 1525 2057 prius
1548 2010 1640 2054 ipse-

210 2072 286 2096 met
309 2060 443 2096 viderit
470 2060 657 2107 praedi&as
684 2062 886 2097 Citationes
908 2063 1145 2109 personaliter
1158 2086 1171 2099 ,
1197 2062 1231 2096 &
1258 2060 1422 2109 legitime
1437 2086 1450 2102 ‚
1476 2061 1510 2096 &
1537 2058 1641 2103 juxta

207 2111 365 2146 formam
378 2114 548 2157 proxime
563 2111 756 2152 traditam,
781 2124 999 2159 exequutas;
1026 2112 1095 2147 Sed
1108 2113 1255 2156 insuper
1269 2109 1313 2145 de
1340 2110 1405 2146 hac
1430 2110 1489 2145 sua
1517 2111 1639 2145 visura

210 2163 247 2195 in
262 2173 413 2206 corpore
438 2162 543 2206 ipsius
562 2161 725 2197 Mandati
740 2162 847 2198 fidem
863 2164 987 2198 faciet:
1017 2162 1121 2198 Alias
1147 2160 1387 2201 mandatum,
1409 2158 1505 2207 quod
1527 2159 1570 2195 ab
1593 2170 1638 2194 eo

211 2210 430 2246 relaxabitur
444 2237 455 2252 ‚
483 2211 523 2246 fit
538 2212 610 2257 ipso
624 2212 702 2256 jure
718 2213 860 2248 nullum
875 2238 887 2253 ,
913 2222 1016 2258 atque
1034 2214 1183 2248 irritum
1196 2237 1209 2253 ,
1235 2212 1285 2246 ita
1315 2221 1352 2247 ut
1368 2222 1484 2258 neque
1499 2223 1517 2245 a
1533 2209 1635 2244 The-

213 2261 368 2296 saurario
382 2260 554 2296 Generali
568 2286 580 2300 ,
608 2274 719 2308 neque
734 2261 776 2296 ab
791 2261 1010 2297 Officialibus
1021 2287 1034 2303 ‚
1058 2273 1118 2297 aut
1138 2260 1380 2307 Depositariis
1393 2259 1503 2307 paulo
1529 2260 1635 2306 supra

220 2313 430 2347 memoratis
442 2337 454 2352 ,
481 2312 557 2347 ullo
572 2311 672 2357 paelo
686 2314 924 2358 exequutioni
940 2312 1102 2347 mandari
1117 2311 1246 2347 debeat
1261 2337 1271 2347 .

311 2361 476 2396 Caveant
505 2363 623 2408 itaque
650 2361 810 2402 Judices,
836 2363 870 2395 &
898 2361 1093 2407 respetstive
1122 2361 1448 2396 Administratores
1460 2384 1472 2400 ,
1499 2357 1641 2395 Officia-

213 2413 287 2453 les,
312 2413 346 2447 &
361 2411 579 2458 Depositarii
593 2437 605 2453 ‚
630 2423 696 2446 nec
724 2423 797 2446 non
814 2411 987 2446 Cursores
1002 2435 1012 2449 ‚
1035 2408 1069 2445 8<
1086 2411 1328 2448 Mandatarii,
1344 2422 1388 2444 ne
1403 2409 1488 2457 quid
1501 2421 1569 2455 per
1581 2421 1640 2443 eos

216 2464 278 2497 fiat
291 2472 417 2497 contra
433 2463 588 2497 formam
604 2487 616 2501 ,
640 2463 674 2496 &
688 2460 952 2507 dispositionem
980 2460 1084 2506 hujus
1105 2461 1249 2495 Nostrae
1273 2460 1575 2494 constitutionis:
1599 2458 1635 2496 Si

215 2515 294 2559 quis
308 2516 392 2546 enim
406 2515 437 2546 ei
451 2513 530 2557 ausit
546 2513 719 2547 temerario
734 2515 900 2546 contraire
911 2510 1182 2557 praefitmsssbrit‚
1195 2509 1344 2555 fiiatfi'
1357 2508 1479 2557 absque
1496 2508 1633 2554 ullaspe

215 2566 322 2597 veniae
335 2586 346 2600 ,
373 2566 431 2598 vel
441 2563 659 2609 indulgentia,
672 2587 685 2602 ,
710 2562 801 2595 ultra
814 2562 1070 2608 indignationem
1083 2562 1217 2595 nostram
1228 2586 1240 2601 ,
1262 2568 1389 2605 paenam
1401 2571 1526 2606 quoque
1536 2558 1632 2592 redu·

216 2612 587 2658 Hionz'sinprzstinzmz,
615 2625 651 2647 ac
666 2612 855 2656 reftffz'om's
867 2615 1006 2646 omnium
1029 2611 1236 2651 damnorum,
1260 2609 1301 2643 &⁴
1324 2608 1493 2653 intereffi’,
1518 2621 1575 2642 non
1598 2611 1634 2641 z'n

206 2660 388 2707 fiebstdium
403 2688 415 2704 ,
428 2662 742 2707 stdprincipaliter
757 2687 769 2702 ‚
782 2661 1015 2706 &insolidum
1026 2673 1109 2695 cum
1124 2662 1188 2701 iis,
1216 2660 1274 2706 qui
1292 2657 1546 2704 praedictorum
1562 2659 1639 2696 vin-

218 2713 385 2747 culorum
407 2712 628 2747 deletionem
642 2737 654 2753 ,
678 2710 737 2746 seh
764 2711 991 2746 cassationem
1017 2710 1239 2746 obtinuerint
1255 2734 1266 2747 ,
1292 2709 1368 2752 ipso
1397 2706 1488 2742 facto
1501 2733 1514 2750 ,
1539 2717 1642 2754 atque

222 2763 299 2808 ipso
314 2762 390 2808 jure
402 2762 649 2808 incursicmfhre
663 2788 672 2796 .
697 2761 837 2801 Datum
851 2762 917 2797 &c.
932 2760 1004 2795 Die
1018 2761 1053 2796 8<
1067 2772 1160 2796 anno
1175 2757 1410 2806 praedietis&
1424 2783 1433 2793 .

323 2862 572 2897 Praetermissis
599 2871 726 2907 utpote
753 2861 795 2896 ad
823 2861 918 2896 hunc
933 2859 1143 2895 TraCtatum
1167 2859 1214 2895 de
1234 2858 1341 2893 Locis
1354 2857 1543 2894 Montium
1570 2869 1646 2894 non

224 2912 439 2948 facientibus
462 2912 547 2946 'aliis
564 2911 862 2946 Ordinationibus
888 2912 1045 2956 alioquin
1071 2909 1237 2955 providis
1262 2921 1281 2942 a
1307 2909 1351 2943 sa:
1368 2919 1438 2942 me:
1454 2906 1646 2943 Benedic'to

224 2961 291 2996 PP.
308 2961 418 2997 XIV.
446 2962 633 3006 praefinitis
659 2971 731 2997 tam
759 2961 862 3008 super
890 2960 1098 2995 Audion'mte
1121 2958 1287 3000 Judicum
1306 2957 1481 2993 Romanae
1496 2957 1646 2996 Curiae,

226 3023 422 3058 eorumque
437 3011 670 3056 Jurisdz'ffione
696 3013 803 3047 certis
819 3010 993 3045 limitibus
1008 3011 1276 3056 circumscripta
1290 3035 1300 3049 ,
1327 3020 1434 3055 quam
1460 3010 1552 3043 circa
1568 3005 1646 3041 Con-

218 3064 434 3107 firmationem
450 3062 693 3096 Decretorum
719 3062 822 3106 super
838 3059 1073 3100 dd.Judicurn
1101 3058 1407 3098 recusationibus,
1433 3058 1467 3092 8<
1493 3057 1644 3098 declina⁴2

226 3112 382 3153 tionibus
408 3112 491 3148 alias
518 3110 724 3152 editorum,
750 3123 816 3156 nec
842 3122 917 3147 non
944 3112 1034 3147 circa
1060 3109 1178 3144 modum
1204 3107 1460 3157 interponendi
1485 3107 1646 3142 Decreta

1059 3160 1099 3199 X
1127 3169 1148 3196 2
1520 3156 1582 3205 Iu·

1717 463 1839 494 curator
1868 467 1910 494 tl-

1681 514 1778 534 neatur
1791 515 1827 545 op
1849 515 1920 534 one-

1679 555 1708 573 re
1721 565 1731 578 ,
1755 554 1788 584 ap
1811 556 1823 572 e
1841 545 1895 573 lare
1908 563 1920 578 ,

1680 586 1708 613 &
1731 595 1780 624 pro
1795 587 1922 624 equiap-

1678 624 1859 663 pellationem
1876 623 1921 652 use

1678 674 1731 703 que
1763 665 1797 693 ad
1818 664 1919 695 secun-

1679 705 1745 732 dum
1758 704 1922 741 judicatum

1679 743 1810 774 inclusive
1833 765 1842 773 .
1876 746 1923 771 Fi-

1680 784 1743 814 dem
1755 782 1872 813 satisfiat
1886 793 1921 813 ex

1679 823 1812 854 fructibus
1859 826 1920 854 LL.

1679 863 1812 903 MM;seu
1824 864 1920 896 Offic.

1681 905 1800 942 Vacab;
1823 914 1919 936 cum-³

1679 944 1830 984 privilegio
1867 955 1921 983 po-

1680 986 1814 1014 tioritatis
1856 985 1918 1015 &cz

1681 1025 1724 1054 vel
1737 1034 1771 1054 ex
1781 1023 1862 1052 bonis
1875 1026 1920 1053 In.

1680 1065 1771 1094 stantis
1795 1074 1847 1103 pro
1871 1064 1919 1093 de·

1680 1105 1785 1134 letione
1835 1113 1922 1140 manu

1682 1147 1759 1185 regia

1683 1351 1840 1389 Praescribit
1859 1357 1926 1382 moi

1685 1394 1736 1423 dus
1768 1391 1923 1431 exequendi

1686 1435 1846 1464 citationes
1860 1442 1924 1471 per-

1682 1473 1786 1505 sonales
1808 1470 1924 1500 interes-

1681 1514 1707 1543 se
1732 1513 1919 1551 habentium„

1683 1553 1731 1583 sub
1744 1563 1818 1593 paena
1841 1551 1920 1582 nulli,

1686 1597 1752 1624 tatis
1770 1592 1898 1629 Mandati
1910 1611 1925 1630 0

1768 2359 1924 2388 Comi-ave*

1692 2398 1925 2436 nientesJudices„

1690 2437 1903 2467 Administrato-

1686 2487 1727 2506 res
1751 2482 1808 2509 &m
1838 2477 1925 2515 subji-

1684 2520 1795 2548 ciuntur
1847 2519 1924 2547 refe—-

1682 2558 1768 2587 6ὶίοηὶ
1803 2558 1923 2586 damno-

1685 2608 1767 2633 rum,
1793 2600 1821 2626 ὃ(
1853 2600 1926 2626 inte-

1689 2638 1754 2667 reste
1785 2637 1925 2678 principa*

1693 2677 1774 2712 liter,
1795 2679 1864 2710 &in
1885 2677 1927 2712 soe

1692 2717 1781 2749 lidum
1797 2738 1806 2749 .
