2300 3547
374 185 467 234 106

395 250 1074 296 bitorisRotjnRomanfcyPecuniarictsztper
1082 246 1193 281 Alter-

390 303 528 349 gatt'one
548 313 603 336 10.
626 301 720 334 Adaiz'
738 301 846 346 1760.
860 299 886 346 §.
900 299 934 334 6.
949 312 1010 333 cor.
1021 298 1090 332 bon.
1104 302 1199 332 metm

395 353 601 397 frangipani
616 375 630 390 ,
655 350 695 384 [9⁷
722 352 757 383 in
784 350 924 383 Romana
939 349 1118 385 Nallitatis
1134 347 1199 381 At-

396 405 592 448 tergatz'onis
608 412 664 436 22.
680 399 812 444 Aprilis
830 397 935 445 1765.
962 401 991 441 ξ.
1023 409 1100 446 quae
1116 409 1196 432 cum

396 452 501 487 cor.R.
515 452 550 485 P.
565 452 602 486 D.
617 452 750 488 Zehzda,
764 450 1020 494 appretiantur
1034 448 1076 482 ad
1091 449 1201 482 ratio-

399 514 483 537 nem
501 502 542 538 sc.
562 511 642 535 100.
659 509 724 544 pro
742 497 889 544 singulis
912 499 1119 543 quatumvis
1134 496 1201 530 fint

399 551 443 587 de
458 552 572 597 specie
585 550 772 585 Montium
789 548 910 582 Sancti
927 546 1024 581 Petri
1040 559 1112 581 non
1128 545 1205 581 sub-

314 604 372 649 ,63
402 601 492 646 jecta
510 598 795 636 extractionibus
814 623 826 639 ,
851 596 1043 644 aliquando
1058 608 1145 631 vero
1159 607 1203 631 ex

402 652 548 685 Panium
563 649 776 684 conventione
792 648 1005 682 valutantur
1036 645 1080 681 ad
1099 646 1205 680 ratio-

329 703 377 749 64
406 713 489 735 nem
506 700 551 735 sc.
569 711 649 735 120.
664 724 674 740 ,
688 710 726 732 ac
743 696 786 732 de
802 697 1063 745 Attergatione
1075 696 1206 730 costare

402 751 509 786 debet
535 751 572 784 in
587 747 777 788 mallardo,
802 747 947 794 Regestro
961 772 973 787 ,
1000 745 1041 780 δί
1067 749 1103 780 in
1118 743 1206 788 doqfh

327 802 379 847 63
408 803 596 837 Literarum
619 799 802 831 Patentium
820 812 828 831 :
856 797 1010 844 Qioties
1026 806 1114 830 vero
1131 795 1207 829 fru-

404 862 482 885 ctus
497 851 577 885 sunt
609 850 765 894 impares
793 847 963 882 lblutioui
991 845 1208 881 fructuum-2

403 899 527 945 Census
567 901 753 945 praestatur
791 908 858 942 pro
891 895 1022 941 Restduo
1057 894 1208 930 Caedula

409 950 576 984 Bancaria
605 946 756 992 alicujus
773 947 897 982 Idonei
918 946 1134 994 Argentarii
1161 945 1209 978 fa-

410 1012 499 1034 vore
528 999 714 1035 Locatoris
744 997 891 1042 alicujus
923 995 1211 1031 Arrendamenti

337 1055 387 1088 66
414 1051 472 1085 seu
491 1048 699 1083 Creditoris
714 1046 860 1083 Cambii
874 1073 886 1087 ,
922 1059 985 1081 nec
1000 1046 1126 1082 sufficit
1143 1044 1213 1078 At-

412 1101 573 1148 tergatio
583 1100 742 1146 gewerica
754 1108 806 1133 tot
821 1096 1212 1134 LocorumMontium,

412 1160 500 1198 quot
539 1148 800 1194 correspodent
830 1148 996 1182 solutioni
1040 1145 1176 1181 Census
1202 1170 1212 1184 ,

410 1199 554 1237 Cambii
568 1200 626 1233 seu
643 1198 795 1233 Affictus
809 1196 868 1232 sed
878 1206 1022 1242 oportet
1037 1222 1050 1237 ,
1072 1206 1108 1230 ut
1126 1205 1216 1241 prae-

408 1251 475 1285 cile
490 1275 502 1290 ,
518 1260 553 1284 et
568 1250 756 1295 speciatim
773 1249 987 1282 enuncietur
1004 1258 1090 1282 vera
1102 1257 1214 1293 quan-

411 1302 494 1335 titas
535 1299 718 1334 Locorum
754 1299 944 1333 Montium
981 1293 1214 1343 attergando-

415 1362 497 1384 rum
512 1376 521 1384 .
547 1349 584 1384 Si
599 1360 687 1383 vero
704 1348 798 1383 Loca
812 1349 998 1384 Montium
1015 1345 1214 1381 extrahun-

413 1411 471 1435 tur
485 1425 496 1440 ,
511 1401 708 1434 restituitur
729 1399 843 1433 solum
864 1399 1028 1444 pretium
1043 1395 1211 1431 intrinse—

416 1462 498 1485 cum
516 1451 599 1484 scut.
614 1459 762 1484 centum
778 1459 993 1494 perceptum
1010 1446 1215 1481 aRevereu-

413 1499 456 1535 da
471 1499 626 1534 Camera
642 1525 654 1540 ,
682 1500 926 1546 quamtumvis
948 1497 1059 1542 majus
1075 1498 1115 1531 fit
1131 1507 1214 1541 pre—

415 1552 510 1584 tium
527 1552 564 1584 in
581 1550 798 1583 commercio
814 1548 908 1583 Gzrd.
923 1549 959 1581 de
975 1549 1053 1582 Luc.
1069 1546 1213 1592 disc.33.

415 1603 470 1633 tit.
484 1600 523 1639 de
538 1600 654 1646 Regal.
680 1600 731 1633 an'.
749 1612 781 1646 3.
807 1600 850 1635 ad
865 1607 896 1639 5.
916 1599 991 1632 Rot.
1017 1597 1116 1643 decis}
1131 1603 1215 1649 557.

417 1663 447 1684 n.
468 1662 484 1695 3
496 1662 524 1684 1.
536 1659 611 1695 par.
632 1662 686 1696 ¹9·
712 1657 786 1683 tom.
804 1661 835 1684 2.
852 1649 968 1685 Recen.
983 1674 992 1681 .
1160 1645 1162 1649 ’

343 1705 393 1750 67
422 1699 571 1734 Clerico
597 1709 719 1735 autem
746 1699 963 1744 prohibetur
1002 1695 1218 1733 contrahere

419 1748 572 1786 Cambia
589 1751 728 1784 ratione
744 1750 934 1795 implicitae
946 1747 1219 1796 negociationis,

422 1812 468 1835 ne
496 1801 593 1834 curis
620 1798 844 1834 itaecularibus
871 1800 1035 1835 detentus
1063 1811 1080 1832 a
1116 1796 1219 1842 spiri-

417 1848 574 1884 *tualibus
601 1849 807 1884 retrahatur
834 1858 907 1896 cap.
935 1852 1131 1894 negociorum
1161 1847 1220 1882 88.

347 1904 393 1938 68
422 1900 562 1946 dtstinc‘J.
602 1898 754 1934 Caroſtrie
780 1899 878 1945 Grctff}
904 1900 941 1933 de
959 1900 1070 1950 effb’d‘z‘u
1100 1896 1219 1931 Cle-ric.

423 1948 492 1985 Sed
532 1949 598 1986 hoe
625 1949 788 1995 procedit
820 1949 933 1996 quoad
959 1949 1109 1984 Cambia
1136 1947 1220 1981 acti-

422 2013 467 2035 va
497 2011 569 2034 non
598 1999 712 2046 quoad
738 1998 866 2047 passiva
894 2001 974 2048 quia
1002 2001 1039 2034 in
1067 1999 1138 2032 istis
1167 2009 1221 2030 ra-

427 2053 479 2085 tio
507 2049 717 2096 negociandi
753 2062 826 2085 uon
863 2051 995 2084 militat
1024 2075 1036 2091 ,
1074 2046 1131 2084 led
1158 2058 1221 2093 po-

427 2099 497 2135 ti‘us
511 2100 717 2135 succurendi
744 2103 902 2147 propriis
921 2099 1156 2145 indigentiis,
1184 2105 1222 2130 ut

427 2149 598 2196 pluribus
625 2151 817 2190 cumulatis
845 2163 890 2186 ex
917 2148 1072 2196 professo
1105 2148 1222 2185 statuit

426 2201 498 2234 Rot.
513 2199 611 2245 decefi
638 2211 722 2243 209.
738 2213 766 2233 ιι.
787 2213 840 2245 19·
854 2212 891 2245 p.
911 2211 966 2242 15.
986 2200 1099 2233 Recen.

354 2251 403 2296 69
431 2250 660 2290 Familiares,
699 2262 733 2285 et
759 2251 876 2285 obviae
899 2260 1002 2285 erant
1029 2249 1226 2295 antiquitus

426 2298 604 2334 Ceffiones
619 2299 837 2341 Commodi,
851 2310 958 2347 atque
974 2300 1139 2335 utilitatis
1154 2298 1228 2331 exi—

426 2348 537 2397 gendi
566 2350 703 2385 fructus
733 2351 999 2387 Beneficiorum
1027 2349 1045 2384 *a
1073 2348 1228 2383 Clericis

428 2401 512 2434 fieri
539 2399 693 2434 consutae
720 2400 776 2435 sed
812 2402 906 2436 felic.
933 2400 1066 2434 Record.
1091 2397 1229 2432 Benedi-

427 2459 502 2483 ctus
517 2449 574 2483 PP.
584 2450 670 2484 XIV.
681 2450 885 2497 improbam
900 2446 1231 2486 hancConsuetudi-

433 2511 518 2534 nem
535 2500 570 2534 in
582 2499 927 2536 dedecusClericalis
942 2500 1090 2535 Ordinis
1104 2524 1115 2539 ,
1140 2508 1175 2533 et
1192 2499 1229 2531 in

431 2548 595 2584 fraudem
621 2549 786 2584 Ecclesiae
813 2550 1056 2585 introductam
1084 2549 1230 2595 penitus

431 2600 591 2636 abolevit
618 2600 799 2636 mediante
813 2600 1046 2635 Constitutione
1060 2596 1230 2642 aeditafitb

430 2661 548 2684 annum
568 2661 694 2695 1741„
726 2651 762 2684 in
777 2662 844 2697 qua
860 2658 887 2687 ξ.
904 2651 1048 2685 Valentes
1060 2649 1231 2694 itafiznci-

359 2713 408 2750 70
435 2709 491 2734 tur
508 2726 533 2741 ‚,
559 2698 736 2735 Volentes
763 2701 876 2747 igitur
912 2701 1001 2735 hanc
1025 2698 1231 2744 improbam

433 2775 457 2790 ,‚
483 2749 843 2791 Consuetudinem,et
863 2763 934 2785 non
951 2749 1135 2785 ferendam
1151 2760 1230 2794 pra-

434 2825 458 2841 „
486 2801 636 2834 vitatem
650 2826 661 2840 ,
689 2814 756 2849 qua
771 2814 843 2836 non
860 2800 1094 2836 mediocriter
1109 2797 1231 2834 Cleri-

359 2862 405 2900 71
432 2875 463 2891 ,,
488 2850 572 2883 calis
588 2850 724 2886 ordinis
739 2852 830 2887 fama
846 2853 1025 2886 minuitur
1038 2876 1050 2891 ,
1063 2861 1097 2900 et
1113 2848 1230 2883 honor

434 2925 460 2941 „
485 2900 744 2940 conculcatur,
770 2901 934 2937 Ecclefiae
963 2910 1083 2935 autem
1109 2898 1232 2934 debito

436 2975 463 2991 „
485 2949 647 2989 servitio,
661 2948 836 2995 Pauperes
847 2952 1061 2997 opportunis
1074 2948 1232 2985 subsidiis

438 3024 463 3040 ,‚
488 3010 521 3034 et
533 3000 646 3035 Sacrae
662 2999 766 3034 AEdes
781 3001 979 3036 necessariis
996 3000 1232 3045 reparationi-

438 3072 464 3088 ,‚
490 3048 552 3083 bus
568 3075 576 3086 ‚
603 3060 639 3084 et
655 3052 875 3085 ornamentis
895 3048 1105 3084 fraudantur
1120 3050 1233 3095 paeni·

439 3123 465 3140 „
492 3107 547 3132 tus
561 3100 704 3136 abolere
719 3126 730 3143 ,
755 3100 860 3136 Motu
875 3101 1026 3147 proprio
1051 3111 1119 3146 pro
1134 3109 1236 3133 certa.

439 3172 465 3192 ρ,
490 3146 633 3184 scientia
645 3175 658 3191 ,
685 3162 720 3187 et
736 3153 876 3187 matura
891 3149 1153 3186 deliberatione
1169 3160 1232 3187 no—

785 179 1086 234 CAPVT
1132 176 1697 235 VIGESJMVM.

1351 274 1375 290 „
1403 250 1498 287 stris,
1514 246 1629 294 deque
1646 247 1860 292 Apostolicae
1872 247 2051 291 potestatis
2068 246 2142 291 ple-

1351 323 1376 340 „
1402 296 1568 334 nitudine
1580 298 1744 334 omnibus
1757 296 1909 330 Clericis
1921 308 2141 344 quacumque

1351 373 1376 389 „
1404 347 1574 393 potestate
1590 373 1600 386 ‚
1641 348 1914 391 praeeminentia
1932 371 1943 387 ,
1982 346 2118 380 honore
2134 371 2144 386 ,

1353 423 1376 438 „
1401 410 1438 431 ac
1467 397 1664 442 privilegio
1682 395 1856 443 insignitis
1871 395 2146 435 interdicimus,

1351 472 1376 489 ‚2
1402 457 1437 481 et
1467 445 1727 492 prohibemus,
1754 459 1798 480 ne
1826 448 2060 492 imposterum
2087 457 2146 479 au-

1355 522 1379 538 „
1404 497 1511 531 deant
1538 495 1598 530 sub
1634 498 1780 530 nomine
1806 496 1982 531 alienandi
2011 495 2146 530 utilita-

1356 572 1380 587 ,‚
1407 557 1479 581 tem
1497 571 1509 586 ,
1535 555 1570 580 et
1586 545 1817 581 commodum
1834 544 2058 592 percipiendi
2074 546 2147 578 fru-

1356 621 1383 637 ,‚
1408 606 1511 636 ctus,
1536 595 1596 630 vel
1614 595 1684 629 alio
1709 599 1835 642 quovis
1862 597 1992 637 titulO,
2020 605 2148 641 praete-

1357 671 1385 687 ,‚
1410 655 1477 680 xtu
1490 654 1571 685 ,aut
1585 645 1708 679 colore
1719 645 1876 683 vendere
1891 671 1903 685 ,
1930 657 1965 680 et
1981 644 2148 679 distrahe-

1285 706 1333 745 72
1360 722 1383 737 „
1412 708 1450 730 re
1472 695 1617 731 suorum
1641 695 1836 739 respective
1852 695 2148 731 Beneficiorum>

1360 772 1385 787 „
1412 744 1571 781 redditus
1598 754 1633 778 et
1658 756 1856 791 proventus
1885 746 1944 779 vel
1966 745 2008 780 ad
2035 747 2147 780 vitam

1362 822 1386 838 ,‚
1413 795 1472 830 vel
1513 796 1549 830 in
1587 795 1739 842 longum
1765 805 1906 840 tempus
1939 805 2080 840 recepta
2107 793 2149 826 :1¹0

1360 872 1384 888 ‚,
1407 845 1588 889 Emptore
1616 857 1680 890 per
1710 857 1816 880 unam
1840 856 1897 880 aut
1911 845 2034 890 plures
2060 844 2151 879 solu-

1361 922 1385 938 „
1412 898 1525 930 tiones
1540 896 1774 938 pecuniarum
1793 898 1988 943 quantitate
2003 920 2014 935 ‚
2045 903 2152 940 quam

1362 972 1390 988 ,‚
1414 944 1479 992 ipsi
1497 945 1705 980 Beneficiati
1722 959 1785 991 per
1800 945 1955 990 ejusdem
1973 944 2150 989 temporis

1289 1009 1335 1047 73
1367 1022 1392 1037 „
1420 996 1476 1030 vel
1502 997 1587 1029 vitae
1613 996 1765 1040 spatium
1789 996 2022 1041 probabiliter
2037 993 2153 1028 conse-

1364 1072 1390 1088 „
1415 1047 1476 1095 qui
1496 1045 1687 1090 potuissent
1702 1071 1712 1085 ,
1738 1046 1798 1080 sub
1810 1047 1922 1091 paenis
1937 1046 2154 1079 Excommu-

1364 1122 1391 1137 2,
1417 1096 1604 1130 nicationis
1617 1105 1652 1129 et
1668 1095 1845 1130 nullitatis
1860 1106 1969 1136 actus,
1983 1104 2040 1130 aut
2056 1093 2154 1127 Con-

1369 1173 1392 1188 „
1421 1155 1554 1181 tractus
1570 1171 1583 1186 ,
1617 1156 1651 1179 et
1678 1147 1841 1180 omnium
1859 1144 1941 1179 inde
1955 1144 2156 1179 consecuto-

1291 1208 1342 1245 74
1366 1223 1390 1238 ,0
1418 1209 1497 1231 rum
1513 1222 1524 1238 ‚
1537 1194 1679 1243 aliissque
1691 1197 1801 1240 paenis
1816 1196 1960 1230 inflictis
1976 1219 1988 1234 ,
2002 1204 2034 1229 et
2052 1195 2153 1228 statu-

1367 1272 1393 1288 „
1419 1249 1462 1281 tis
1485 1256 1609 1280 contra
1622 1246 1831 1280 Alienantes
1857 1246 1953 1280 Bona
1976 1242 2162 1283 Ecclesiae,

1367 1321 1394 1338 ‚‚
1420 1309 1527 1343 quam
1545 1296 1660 1330 rursus
1674 1296 1732 1329 hic
1756 1306 1878 1330 contra
1894 1294 2031 1329 eosdem
2043 1291 2162 1327 Cleri-

1369 1371 1396 1387 „
1422 1358 1479 1381 cos
1509 1344 1553 1379 fic
1583 1345 1835 1381 contrahentes
1864 1357 2035 1379 renovare
2055 1368 2066 1384 ,
2104 1341 2162 1376 de-

1373 1421 1398 1436 „
1425 1408 1600 1437 cernere,
1626 1409 1662 1431 ac
1690 1398 1839 1431 statuere
1857 1393 2102 1434 intendimus,
2127 1401 2162 1426 et

1370 1471 1396 1487 „
1422 1447 1591 1481 volumus
1607 1473 1614 1482 .
1630 1471 1653 1487 „

1297 1507 1345 1545 75
1375 1496 1439 1530 Ast
1450 1495 1752 1543 quemadmodum
1769 1495 2054 1531 Constitutiones
2075 1492 2166 1526 Pon—

1375 1548 1493 1581 tificiae
1510 1558 1579 1580 non
1596 1546 1727 1580 habent
1756 1549 1857 1581 oculos
1871 1554 1956 1580 retro
1972 1571 1982 1586 ,
2009 1543 2087 1578 ideo
2104 1540 2167 1575 res-

1376 1607 1486 1641 pectu
1508 1596 1549 1631 ad
1564 1594 1742 1631 Ceffiones
1766 1596 2028 1631 Beneficiorum
2043 1592 2164 1636 exple-

1379 1657 1431 1681 tas
1443 1657 1524 1681 ante
1532 1648 1866 1694 promulgationem
1880 1642 2169 1690 praedictaehene-

1304 1697 1355 1745 76
1381 1696 1526 1731 dictinae
1546 1696 1843 1738 Constitutionis,
1871 1697 1943 1730 illae
1971 1693 2097 1729 validae
2115 1703 2169 1725 re-

1377 1757 1555 1794 putantur
1569 1772 1579 1787 ,
1607 1750 1642 1781 in
1660 1748 1807 1782 modum
1824 1758 1861 1782 ut
1879 1746 1901 1780 fi
1916 1746 2062 1780 interim
2077 1742 2171 1776 dece-

1381 1798 1439 1832 dat
1466 1795 1701 1832 Cess'ionarius
1717 1797 1868 1832 succedit
1884 1795 1995 1842 quoad
2012 1803 2173 1829 commo-

1377 1847 1526 1882 ditatem
1553 1859 1587 1882 et
1616 1848 1813 1882 utilitatem
1841 1845 2008 1893 exigendi
2033 1845 2170 1880 fructus

1305 1910 1352 1945 ¹77
1380 1899 1477 1932 illius
1493 1897 1618 1934 Haeres
1632 1923 1643 1938 ,
1657 1908 1691 1932 et
1706 1898 1846 1943 reipsa(
1865 1897 2012 1931 materia
2028 1893 2172 1939 profun-

1380 1948 1423 1982 de
1461 1947 1603 1982 discussa
1629 1949 1697 1982 fuit
1726 1948 1849 1982 Mense
1875 1946 2067 1983 Februario
2089 1942 2172 1977 anni

1307 1999 1353 2045 78
1388 1996 1490 2043 1761.
1517 1999 1554 2031 in
1582 1998 1777 2032 Secretaria
1806 1997 1992 2032 Montium
2032 1990 2173 2027 admissa

1383 2045 1495 2082 Ceffio
1519 2048 1705 2083 fructuum
1737 2049 1841 2082 unius
1862 2046 2028 2080 Beneficii
2050 2044 2173 2077 favore

1380 2098 1555 2132 francisci
1582 2099 1703 2146 Magri
1731 2099 1784 2132 uti
1805 2096 1968 2130 Haeredis
1994 2092 2173 2140 quondam

1384 2147 1554 2182 francisci
1571 2149 1697 2182 Mariae
1721 2148 1842 2194 Magri
1858 2144 2060 2181 Meliteniis
2074 2167 2085 2182 ,
2111 2141 2172 2190 qui

1384 2196 1585 2233 Ceffionem
1626 2199 1831 2232 obtinuerat
1859 2198 2058 2231 fructuum
2084 2190 2171 2235 ejus-

1382 2247 1464 2282 dem
1492 2248 1661 2282 Beneficii
1689 2257 1770 2281 ante
1798 2246 1902 2282 dictae
1920 2242 2170 2280 Cottitutionis

1311 2310 1359 2346 79
1387 2298 1610 2333 editionem.
1651 2297 1826 2343 Dictaque
1850 2294 1962 2331 Ceffio
1986 2295 2173 2329 fructuum

1387 2348 1555 2383 Beneficii
1581 2347 1731 2382 adinstar
1759 2346 1919 2381 Vit21litii
1940 2346 2081 2389 expirat
2110 2352 2173 2385 per

1313 2399 1360 2432 80
1389 2399 1529 2433 obitum
1545 2398 1717 2432 Cedsiitis
1730 2423 1742 2437 ‚
1767 2397 1861 2432 unde
1879 2397 1924 2430 tiit
1939 2396 2111 2440 superque
2126 2390 2172 2424 est

1386 2448 1580 2488 exhibere,
1606 2449 1664 2482 vel
1680 2447 1795 2487 Judici
1810 2447 1869 2480 vel
1882 2441 2176 2479 Administratori

1389 2499 1569 2534 Locorum
1582 2499 1768 2532 Montium
1782 2495 1886 2530 fidem
1914 2495 2031 2528 obitus
2042 2490 2179 2526 Ceden-

1389 2551 1433 2583 tis
1461 2548 1503 2583 ad
1530 2544 1700 2583 effectum
1727 2544 1911 2581 obtinendi
1937 2543 2177 2578 catlitionem

1389 2596 1582 2633 Ceffionis.

1313 2650 1357 2684 81
1387 2649 1424 2683 Si
1438 2651 1515 2695 quis
1528 2658 1855 2694 atiten1‚antequani
1867 2645 2023 2680 emiserit
2042 2641 2177 2676 Profes-

1389 2697 1523 2732 sionem
1540 2701 1574 2732 in
1592 2699 1653 2731 illzi
1670 2696 1863 2744 Religione
1880 2721 1890 2737 ‚
1906 2707 2011 2743 quam
2028 2693 2152 2737 selegit
2169 2716 2179 2730 ,

1388 2750 1538 2795 explere
1554 2749 1756 2795 neglexerit
1774 2746 2100 2781 Renunciationem
2117 2742 2182 2774 Bo-

1389 2811 1520 2834 norum
1536 2800 1573 2833 in
1589 2799 1717 2833 saeculo
1731 2824 1742 2838 ‚
1757 2809 1834 2844 quae
1864 2797 1938 2842 post
1953 2795 1988 2830 d.
2004 2788 2185 2829 Proieffio-

1389 2862 1473 2884 nem
1489 2848 1628 2896 quaesita
1643 2849 1788 2883 fuerunt
1805 2847 2024 2881 Monasterio
2039 2872 2049 2886 ‚
2078 2852 2182 2887 opor-

1389 2909 1441 2934 tet
1458 2910 1495 2934 ut
1524 2909 1682 2933 recurrat
1698 2896 1738 2930 :id
1753 2897 1893 2931 Sacram
1921 2891 2181 2943 Congregatio·

1316 2950 1363 2983 82
1389 2961 1473 2983 nem
1492 2948 1753 2994 Episcoporum
1770 2973 1780 2987 ,
1807 2959 1841 2981 et
1859 2946 2095 2994 Regularium
2118 2968 2128 2982 ‚
2151 2951 2185 2974 et

1391 3009 1541 3044 expetat
1568 3001 1604 3031 in
1632 2998 1782 3041 supplici
1801 2997 1943 3033 Libello
1959 2996 2059 3030 dictae
2075 2993 2187 3026 Sacree

1392 3048 1687 3094 Congregatioui
1714 3046 1853 3081 directo
1890 3047 2093 3080 facultatem
2133 3053 2187 3074 re-

1392 3098 1590 3135 nunciandi
1618 3110 1690 3133 non
1717 3098 1872 3132 obstante
1901 3092 2110 3130 Profeffione
2125 3102 2188 3137 per

1320 3150 1369 3196 :33
1401 3160 1507 3188 antea
1523 3147 1666 3192 emissa,
1695 3157 1732 3182 et
1759 3147 1859 3183 Sacra
1873 3144 2118 3192 Congregado
2136 3154 2187 3175 re-

2062 3194 2144 3228 scri-
