2300 3547
280 242 586 299 CAPVY
627 241 1188 299 VIGESIMVM
1228 239 1719 319 QVINTVM.
1787 256 1877 304 141

207 319 243 352 δέ
258 314 439 352 oneribus
465 316 647 350 contentis
672 316 711 349 in
740 315 975 350 Testamemo
992 339 1005 356 ‚

204 367 262 402 sed
277 368 389 401 etiam
404 376 487 399 cum
502 366 581 402 aliis
595 364 775 401 Oneribus
790 391 801 406 ‚
814 366 847 400 &
866 364 1004 399 Vincu-

206 419 263 456 lis,
278 427 356 461 quae
372 415 543 451 resultare
559 416 695 462 possent
710 427 755 451 ex
770 415 894 462 d.sol.v'0
910 414 1004 461 quod

135 479 179 512 55
207 467 225 500 'a
240 464 431 502 Deam-ibus
454 465 724 508 consideratur,
749 479 787 502 ac
816 475 1006 513 reputatur

205 530 287 566 pars
303 517 524 552 Testamenti
553 527 591 553 ut
607 518 701 554 dixit
718 515 803 552 Rot.
818 517 856 551 in
871 517 1003 550 Roma-

205 581 249 602 1121
266 593 393 603 ------

133 619 180 662 56
207 619 392 664 Errorque
408 619 580 656 Nominis
593 620 627 654 8<
638 618 881 666 Cognominis
895 617 1007 652 haere-

204 670 257 705 dis
273 667 426 715 impedit
443 667 609 706 effeClum
624 669 889 705 Translationis
901 694 914 710 ‚
926 679 1005 715 quae

203 721 356 754 omnino
382 721 563 765 explenda
589 722 638 756 est
664 721 701 754 in
727 717 880 754 Persona
906 728 1005 753 certa

131 781 178 817 57
205 783 279 806 non
306 772 444 804 incerta
471 795 480 809 ‚
507 783 591 807 nam
618 771 700 805 alias
725 769 940 806 Translatiov
961 769 1002 804 fit

203 822 328 856 favore
346 819 578 857 Haereditatis
606 823 643 856 in
658 831 792 868 genere
804 844 814 853 .

131 874 175 913 53
206 869 414 917 Aliquando
430 871 520 907 vero
548 873 586 906 in
613 871 741 906 eodem
756 868 931 905 Mandato
957 867 1001 903 de

126 1332 171 1367 59

201 920 426 966 transferendo
463 919 669 967 promiscue
706 919 913 968 proceditur
961 917 1004 954 ad

199 971 418 1006 deletionem
448 970 695 1007 Vinculorum
723 997 736 1012 ,
774 970 901 1017 quibus
933 967 1005 1003 Lo⁴²

201 1033 240 1056 ca
268 1022 471 1055 Montium·
493 1023 576 1057 sunt
601 1020 797 1062 innodata,
823 1022 857 1056 &
885 1019 928 1055 ad
957 1020 1001 1053 li·

203 1071 324 1106 beram
354 1083 480 1106 eorum
499 1071 798 1120 Refignationem
812 1098 824 1112 ,
849 1069 1001 1105 dietum-

203 1135 270 1168 que
287 1119 506 1157 Mandatum
531 1132 761 1168 nuncupatur
787 1120 830 1157 de
844 1120 1000 1165 Transfe-

200 1172 294 1207 reudo
308 1198 320 1213 ,
345 1173 477 1207 delendo
491 1198 504 1214 ‚
529 1174 564 1207 ὃ(
579 1173 766 1219 restgnando
781 1196 792 1210 ,
814 1172 846 1206 8<
865 1172 915 1206 nti
931 1171 1000 1205 tale

197 1223 218 1255 a
236 1223 389 1257 Notario
404 1221 610 1258 inscribitur
623 1226 660 1258 in
676 1221 779 1257 Calce
791 1246 805 1264 ,
822 1231 928 1268 atque
944 1219 1001 1256 his

197 1273 319 1307 verbis
335 1273 541 1318 concipitur
556 1299 566 1307 .

199 1323 257 1357 De
275 1323 450 1358 Mandato
466 1324 532 1357 &c.
547 1324 581 1357 &
596 1321 638 1358 ad
656 1323 865 1361 Instantiam
881 1320 933 1357 N.
949 1320 999 1357 N.

197 1375 263 1408 &c.
295 1375 331 1408 in
359 1385 515 1419 quorum
530 1373 726 1410 Creditum
752 1374 882 1421 vigore
903 1373 999 1407 infra

196 1425 414 1469 scriptorum
429 1423 571 1462 Jurium
585 1423 834 1459 transferenda
845 1424 999 1459 veniunt

199 1475 293 1509 Loca
311 1500 320 1508 .
337 1499 346 1508 .
361 1500 370 1508 .
394 1475 534 1510 Montis
549 1499 558 1508 .
571 1500 582 1510 .
597 1500 605 1508 .
629 1473 739 1510 modo
766 1483 908 1511 cantati.
935 1475 999 1508 im,

197 1522 395 1558 Creditum
411 1523 516 1560 N.N.
529 1536 614 1559 cum
633 1524 915 1561 Conditionibus
929 1550 939 1565 ‚
965 1524 1001 1559 &

196 1573 369 1609 Vinculis
383 1574 644 1620 infiwfiriptz's,
669 1587 804 1621 nempe
826 1574 918 1622 (hic
946 1575 1000 1608 in-

194 1625 327 1660 seritur
343 1633 448 1659 tenor
462 1625 892 1662 omnium-vinculorum
917 1626 997 1671 qui-

197 1674 260 1710 bus
275 1671 396 1709 affecta
424 1675 504 1710 sunt
530 1674 623 1710 dicta
652 1676 747 1713 Loca
775 1675 998 1722 Montium)

192 1733 293 1770 prout
307 1739 346 1760 ea:
359 1727 472 1760 lateris
490 1726 687 1763 Patentibus
702 1728 876 1777 registrat.
891 1727 953 1762 lib.
968 1752 977 1761 .
989 1751 998 1761 .

195 1776 261 1811 fol.
274 1802 283 1811 .
302 1802 312 1810 .
329 1776 394 1811 :ad
410 1789 494 1822 quas
510 1778 576 1812 δίε.
597 1788 725 1814 tenore
740 1779 974 1826 praesentium
988 1802 998 1812 0

244 1851 271 1867 ‚,
298 1827 495 1861 Mandatur
507 1826 596 1863 Dfio
609 1830 792 1866 Locorum
806 1829 997 1864 Montium

193 1901 220 1919 „
243 1875 545 1914 Administratori
559 1902 571 1917 ,
596 1880 639 1915 ad
656 1893 764 1925 quem
779 1878 937 1924 specstat,
959 1887 998 1914 ut

194 1951 219 1969 ,‚
245 1929 383 1973 praevia
398 1928 626 1970 Caffatione‚
651 1930 686 1964 8<
710 1928 894 1965 deletione
921 1941 999 1964 om-

193 2000 218 2020 ‚‚
244 1978 347 2012 nium
362 1977 397 2011 8<
413 1978 642 2025 singulorum
663 1978 910 2016 Vinculorurn
928 1979 999 2014 Do-

193 2052 219 2072 „
244 2028 292 2063 tis
317 2053 331 2070 ‚
361 2025 626 2064 fideicommissi
648 2054 660 2071 ,
702 2029 997 2067 substitutionum

191 2103 218 2121 ‚‚
243 2077 310 2112 ἃς.
340 2079 569 2126 aliorumque
607 2091 790 2116 nexorum
816 2107 830 2122 ‚
867 2080 998 2127 quibus

195 2152 219 2168 ,‚
246 2139 446 2173 praenotata
462 2129 558 2164 Loca
571 2155 580 2164 .
591 2156 600 2164 .
615 2156 624 2164 .
639 2130 792 2175 subjeti'ta
809 2133 997 2177 reperiun-

194 2202 219 2218 „
246 2187 304 2211 tur
333 2176 485 2214 relativi?
510 2178 554 2214 ad
581 2178 722 2216 Literas
753 2181 922 2218 Patentes
955 2179 998 2215 ad

197 2253 223 2270 „
250 2238 334 2271 quas
350 2229 416 2262 ἃς.
443 2231 490 2262 ita
519 2239 557 2263 ut
579 2227 621 2263 ab
636 2231 805 2267 omnibus
821 2230 999 2277 praedictis

194 2303 218 2319 „
247 2276 417 2313 Vinculis
431 2302 442 2318 ‚
470 2278 504 2311 &
519 2279 674 2315 nexibus
688 2282 833 2325 prorsus
861 2281 972 2317 libera
986 2306 1000 2322 ,

193 2353 218 2369 ³,
246 2328 279 2361 &
297 2338 466 2374 exempta
481 2340 692 2365 remaneant
704 2356 716 2372 ,
730 2329 852 2366 eadem
869 2331 999 2367 Loca...

192 2402 216 2417 ,‚
244 2376 262 2410 ὲ
280 2378 368 2411 facie
382 2404 395 2419 ,
422 2379 455 2412 &
471 2378 608 2413 credito
626 2379 675 2415 N.
693 2381 743 2416 N.
756 2405 768 2422 ‚
795 2380 923 2416 deinde
939 2393 999 2416 eo-

193 2455 219 2471 „
246 2427 413 2463 rumdem
438 2428 619 2463 Locorum
638 2457 646 2465 .
662 2456 671 2465 .
685 2455 694 2465 .
709 2456 718 2465 .
732 2430 886 2465 liberam
914 2431 999 2466 refi-

194 2501 219 2520 „
245 2480 456 2524 gnationem
473 2480 598 2514 iacien.
613 2492 679 2526 per
698 2481 748 2517 N.
765 2481 839 2516 N...
858 2482 917 2517 seu
933 2493 998 2527 per

194 2552 217 2567 ,‚
248 2528 359 2563 N.N.
377 2528 656 2565 Procuratorem
686 2541 726 2565 ut
755 2532 848 2566 infra
873 2533 1000 2567 consti-

194 2603 220 2619 „
246 2588 368 2614 tntum
400 2581 547 2626 recipiat
576 2605 589 2621 ,
625 2580 659 2615 8(
688 2579 878 2620 admittat,
906 2593 999 2628 prae-

194 2654 219 2670 „
247 2630 414 2675 tiumque
441 2642 487 2665 ex
515 2631 564 2665 eis
594 2631 779 2666 retrahen.
800 2631 918 2667 eidem
933 2632 1001 2669 &c.

194 2703 220 2722 2,
244 2678 301 2713 seu
330 2678 424 2714 dieto
451 2680 526 2723 ejus
544 2678 776 2714 Procuratori
792 2682 883 2718 solui
901 2694 1001 2716 man-

195 2754 220 2771 „
246 2727 307 2763 det
337 2730 371 2764 &
400 2739 468 2774 pro
483 2725 612 2764 effectu
628 2728 801 2775 praedicsto
817 2732 1000 2777 quascum-

195 2803 220 2822 ,‚
245 2791 314 2825 que
331 2780 599 2815 Annotationes
615 2780 652 2813 in
668 2779 784 2828 libris,
804 2783 839 2816 ὅ(
854 2782 939 2817 listis
953 2781 1002 2817 di-

196 2853 223 2872 „
247 2828 293 2863 &i
309 2830 451 2865 Montis
466 2856 477 2871 ,
504 2829 538 2863 δέ
557 2828 614 2864 ubi
631 2840 720 2876 opus
737 2831 846 2866 fuerit
871 2833 976 2867 faciat
989 2857 1003 2874 ,

198 2904 223 2921 ³,
252 2890 364 2914 novas
378 2881 500 2916 literas
516 2878 685 2916 Parentes
709 2882 876 2927 expediat
892 2907 905 2924 ,
931 2882 1001 2917 Or-

198 2955 224 2972 „
251 2930 352 2965 dines
372 2942 607 2977 opportunos
631 2930 775 2975 tradat,
799 2944 1002 2980 caeteraque

199 3004 224 3023 ³,
250 2982 286 3015 in
302 2983 493 3026 praemissis
508 2981 700 3018 necessaria
717 2983 796 3018 fieri
824 2993 927 3019 curet
941 3009 952 3019 .

252 3031 435 3078 Quoniam
459 3033 553 3079 (hic
570 3031 687 3072 Judex
711 3035 872 3082 allegare
898 3044 1001 3068 tene-

199 3090 261 3116 tur
290 3083 442 3117 rationes
469 3081 513 3117 ob
527 3094 611 3130 quas
636 3083 824 3120 devenerit
836 3083 999 3121 adtranss

199 3132 374 3168 lationem
402 3157 415 3174 ‚
452 3131 677 3170 deletionem
713 3135 961 3171 Vinculorum
987 3159 1001 3176 a

200 3183 235 3217 8<
270 3181 552 3232 resignationem
594 3185 778 3221 Locorum
808 3186 999 3220 Montium

200 3232 235 3268 ὃς
263 3235 383 3273 testari
420 3234 529 3274 debet
565 3235 688 3273 medio
726 3236 931 3283 juramento
957 3233 1000 3270 ad

1081 619 1129 653 60

1154 314 1311 348 formam
1335 311 1522 357 saepediete
1538 312 1793 357 Reformationis
1816 309 1952 347 Benedi-

1155 365 1252 398 Hinae
1268 388 1280 404 ‚
1304 361 1349 397 de
1364 363 1481 397 visura
1494 362 1637 402 luriunt
1652 365 1689 397 in
1706 362 1789 398 affls
1805 361 1954 396 Notarii

1156 412 1416 462 pmduilorum
1439 424 1507 460 pro
1535 410 1773 448 fundamento
1787 413 1953 447 Mandati

1155 465 1198 500 ab
1223 476 1264 500 eo
1280 461 1454 506 concessi,
1479 464 1514 498 8<
1541 464 1686 498 tandem
1711 463 1745 497 ie
1770 461 1953 498 subscribit

1157 527 1230 550 una
1244 526 1324 549 cum
1342 514 1498 549 Notario
1514 540 1526 555 ‚
1550 525 1614 559 per
1630 511 1730 557 cujus
1756 511 1829 546 acta
1842 512 1952 547 Man·

1155 566 1276 601 datum
1291 564 1505 611 pi·aedi‹flum
1529 565 1596 599 fnit
1612 561 1823 608 expeditum
1839 561 1879 607 .)

1157 616 1319 651 Succedit
1335 616 1550 651 Mandatum
1572 615 1612 649 de
1634 613 1764 648 delendo
1779 611 1952 657 simplici-

1155 678 1212 701 ter
1228 666 1385 701 Vincula
1399 691 1410 706 ‚
1436 664 1564 712 quibus
1579 665 1735 699 obnoxia
1760 663 1952 708 reperiun-

1156 728 1215 751 tur
1247 716 1341 752 Loca
1369 717 1555 752 Montium
1572 740 1582 755 ,
1606 716 1641 749 8<
1666 711 1864 760 respective
1886 724 1952 760 ex-

1154 767 1274 813 praessa
1290 769 1325 802 in
1343 765 1475 802 Literis
1492 764 1697 802 Parentibus
1723 762 1824 809 cujus
1847 762 1951 800 man-

1152 817 1224 854 dati
1240 818 1398 854 formula
1414 816 1458 852 fic
1472 817 1507 852 se
1524 816 1631 851 habet
1645 842 1655 850 .

1177 881 1179 883 ·
1203 894 1226 910 2,
1254 869 1310 904 De
1325 866 1500 904 Mandato
1513 867 1578 902 &c.
1593 868 1626 901 &
1640 864 1682 900 ad
1700 863 1948 900 Instantiam„

1156 944 1180 962 3,
1211 920 1252 954 N.
1268 919 1316 955 N.
1344 924 1380 953 in
1407 917 1506 963 cujus
1531 918 1659 952 faciem
1679 916 1860 951 creditum
1875 936 1888 952 ‚
1914 914 1950 948 Sc

1154 995 1180 1011 „
1206 970 1364 1004 savorem
1391 977 1536 1004 cantant
1563 970 1596 1003 &
1610 976 1737 1002 extant
1756 965 1848 1000 Loca
1866 988 1876 997 .
1891 988 1900 997 .
1916 989 1925 998 .
1940 989 1949 998 .

1154 1045 1180 1063 2,
1205 1019 1347 1054 Montis
1361 1045 1370 1053 .
1385 1046 1392 1054 .
1408 1044 1419 1053 .
1431 1044 1441 1053 .
1455 1019 1517 1053 sub
1543 1017 1779 1063 infrascriptis
1792 1011 1949 1048 oneribus

1150 1095 1175 1111 ,‚
1201 1069 1242 1103 ἔθ’
1255 1066 1518 1116 obligationibus
1531 1069 1694 1102 videlicet
1717 1066 1810 1114 (hic
1834 1074 1950 1100 enun-

1151 1122 1294 1156 ciantur
1307 1119 1327 1155 *a
1346 1118 1502 1154 Notario
1530 1116 1687 1152 Vincula
1701 1139 1714 1155 ,
1741 1115 1950 1160 Obligatio·

1151 1182 1214 1206 nes
1229 1171 1366 1217 aliaque
1378 1170 1443 1204 &c.
1457 1168 1618 1216 expressa
1633 1170 1670 1203 in
1684 1163 1894 1213 supradiffis
1908 1164 1950 1199 li-

1151 1223 1240 1258 teris
1256 1220 1464 1256 Patentibus
1478 1219 1522 1266 .)

1201 1296 1226 1313 ,,
1254 1271 1450 1306 Mandatur
1482 1265 1596 1305 lllr'no
1611 1269 1658 1304 D.
1673 1266 1952 1303 Administrato·

1149 1346 1176 1365 ,2
1202 1324 1233 1357 ri
1249 1320 1424 1358 Generali
1454 1319 1638 1354 Locorum
1667 1319 1854 1352 Montium
1867 1340 1881 1357 ,
1904 1315 1950 1352 ad

1149 1397 1175 1415 „
1200 1384 1309 1418 quem
1324 1369 1457 1417 spectat
1471 1395 1482 1410 ,
1509 1380 1547 1406 ut
1563 1381 1672 1404 onera
1687 1377 1946 1414 quaecumque,

1152 1448 1176 1462 ,‚
1202 1425 1236 1459 ὅ(
1263 1422 1505 1467 Conditiones
1529 1445 1540 1461 ,
1574 1430 1678 1465 atque
1708 1418 1952 1464 obligationes

1155 1499 1180 1517 ‚‚
1205 1474 1367 1520 superius
1394 1471 1565 1517 expraessa
1591 1473 1629 1506 in
1656 1469 1772 1504 literis
1792 1468 1952 1508 Patenti-

1151 1548 1179 1566 ,,
1206 1525 1267 1559 bus
1281 1547 1292 1562 ‚
1318 1524 1352 1558 &
1368 1522 1495 1569 quibus
1518 1518 1610 1556 dicta
1626 1519 1721 1554 Loca
1735 1544 1745 1553 .
1760 1545 1769 1553 .
1784 1544 1794 1552 .
1808 1544 1818 1553 .
1834 1518 1951 1553 Mon·

1150 1599 1176 1616 2,
1203 1576 1246 1610 tis
1261 1601 1270 1609 .
1284 1600 1294 1608 .
1308 1600 1317 1609 .
1333 1599 1342 1608 .
1365 1572 1520 1608 obnoxia
1547 1571 1784 1615 reperiuntur
1798 1593 1811 1610 ‚
1836 1569 1953 1603 stante

1146 1648 1173 1667 ,‚
1200 1623 1506 1670 Adimplemento
1521 1632 1673 1657 onerum
1700 1617 1917 1654 eorumdem
1940 1642 1954 1659 ‚

1150 1701 1176 1719 ,‚
1201 1674 1456 1712 conditionum
1468 1699 1480 1716 ,
1492 1673 1526 1708 δι
1537 1671 1802 1718 obligationum
1820 1669 1857 1703 in
1868 1667 1952 1703 abiis

1150 1749 1176 1767 „
1203 1725 1429 1771 Infrastripti
1446 1723 1591 1759 Notarii
1606 1724 1644 1756 in
1658 1719 1749 1755 fasto
1765 1743 1778 1760 ,
1801 1718 1836 1753 &
1851 1718 1952 1758 justi-

1149 1799 1175 1819 „
1202 1778 1305 1812 ficato
1322 1772 1563 1810 mediantibus
1574 1772 1640 1807 &c.
1656 1782 1722 1805 nec
1738 1767 1953 1805 nonVincu-

1147 1852 1175 1872 ‚‚
1200 1828 1279 1863 lurn
1295 1825 1478 1862 Clausulae
1506 1822 1705 1860 dummodo
1729 1821 1794 1854 &c.
1811 1829 1953 1854 attento

1152 1902 1176 1921 2,
1202 1877 1301 1925 lapsu
1330 1876 1473 1912 Biennii
1500 1873 1520 1910 'a
1543 1873 1602 1909 die
1615 1871 1884 1907 Translationis
1900 1869 1954 1905 se·

1149 1954 1176 1972 ,‚
1201 1938 1312 1975 quuto
1336 1927 1395 1962 die
1410 1954 1419 1963 .
1436 1954 1446 1962 .
1460 1954 1469 1963 .
1498 1926 1583 1961 anni
1599 1951 1608 1960 .
1623 1949 1632 1958 .
1647 1948 1656 1957 .
1676 1921 1779 1957 casser
1794 1944 1806 1959 ‚
1831 1918 1954 1956 deleet

1151 2002 1176 2018 υ
1201 1980 1236 2015 8(
1251 1977 1411 2018 aboleat,
1438 1978 1473 2012 &
1487 1974 1608 2010 caffari
1623 1971 1765 2013 deleri,
1791 1972 1825 2006 8<
1841 1971 1954 2006 abole-

1149 2053 1175 2071 „
1202 2031 1232 2064 ri
1248 2031 1349 2064 faciat
1365 2052 1377 2066 ‚
1404 2029 1450 2063 ita
1469 2037 1506 2061 ut
1520 2024 1611 2060 dicia
1628 2022 1723 2058 Loca
1737 2049 1746 2058 .
1762 2045 1794 2057 .·
1816 2020 1859 2056 ab
1873 2032 1954 2055 om-

1149 2103 1174 2119 „
1200 2079 1304 2115 nibus
1325 2076 1506 2123 praedietis
1523 2073 1704 2110 Oneribus
1719 2096 1731 2110 ‚
1758 2070 1954 2118 obligatio-

1150 2154 1175 2173 ,‚
1202 2130 1305 2165 nibus
1321 2130 1386 2163 &c-
1401 2128 1434 2161 &
1450 2125 1623 2162 Clausula
1647 2120 1850 2158 dummodo
1863 2121 1954 2156 libe-

1150 2204 1174 2221 „
1202 2192 1238 2214 ra
1253 2204 1264 2219 ‚
1291 2180 1325 2214 &
1352 2186 1522 2223 exempta
1539 2183 1775 2215 remaneant,
1802 2172 1836 2205 8<
1856 2172 1956 2217 quas-

1151 2256 1177 2273 „
1202 2240 1357 2276 cumque
1372 2228 1621 2262 annotationes
1637 2226 1673 2258 in
1689 2223 1794 2258 libris
1816 2223 1952 2258 &listis

1152 2305 1178 2323 2,
1204 2282 1239 2315 8<
1256 2280 1315 2314 ubi
1330 2290 1418 2325 opus
1436 2279 1546 2313 fuerit
1564 2273 1740 2310 describat
1755 2297 1766 2312 ,
1794 2274 1827 2307 δέ
1842 2283 1953 2306 anno-

1152 2354 1176 2372 „
1204 2331 1270 2365 tari
1287 2328 1460 2369 mandet,
1487 2328 1624 2372 aliaque
1652 2325 1755 2359 faciat
1772 2323 1805 2356 &
1821 2332 1954 2364 curet,

1151 2405 1176 2420 ,,
1203 2392 1280 2427 quae
1296 2381 1389 2415 circa
1404 2391 1443 2413 ea
1459 2387 1666 2424 opportuna
1685 2373 1751 2408 effe
1767 2383 1953 2419 cognove-

1152 2455 1176 2472 ,‚
1205 2433 1249 2465 rit
1272 2455 1282 2464 .
1308 2427 1566 2475 QUONIAM
1595 2424 1766 2459 stantibus
1792 2422 1955 2470 supradi-

1146 2505 1176 2522 ‚‚
1201 2479 1300 2514 ditstis
1316 2478 1449 2513 Literis
1464 2475 1670 2523 patentibus
1686 2475 1722 2508 in
1748 2472 1831 2508 εέὶις
1846 2474 1955 2507 infra·

1151 2554 1175 2570 ,,
1201 2531 1324 2573 scripti
1343 2529 1488 2564 Notarii
1502 2525 1734 2574 originaliter
1751 2523 1927 2558 exhibitis
1940 2547 1954 2564 ,

1150 2605 1175 2621 ‚,
1203 2579 1399 2625 Receptitis
1425 2577 1663 2626 originalibus
1684 2573 1954 2609 continentibus

1152 2657 1177 2673 ,‚
1202 2632 1356 2677 plenum
1372 2629 1703 2674 adimplementum
1717 2626 1886 2659 omnium
1900 2624 1955 2657 su-

1153 2706 1179 2724 ‚‚
1205 2679 1453 2728 pradictorum
1495 2687 1651 2713 onerum
1689 2699 1702 2715 ,
1747 2674 1953 2720 Obligatio—

1152 2757 1178 2774 2,
1206 2743 1294 2767 num
1311 2755 1322 2771 ‚
1348 2730 1382 2763 δέ
1408 2728 1664 2763 conditionum
1686 2724 1785 2769 lapsu
1810 2723 1954 2759 Biennii

1153 2807 1179 2825 >³
1205 2783 1239 2817 δέ
1256 2782 1347 2815 ultra
1362 2804 1373 2820 ‚
1399 2791 1463 2825 per
1479 2789 1585 2825 quem
1601 2775 1773 2812 clausula
1787 2774 1955 2809 dummo-

1155 2858 1180 2874 ,‚
1206 2831 1252 2866 do
1267 2828 1417 2876 apposit.
1434 2830 1539 2875 usque
1566 2827 1608 2862 ab
1623 2837 1718 2862 anno
1734 2852 1744 2861 .
1759 2852 1766 2860 .
1783 2851 1793 2860 .
1809 2851 1818 2859 .
1832 2824 1876 2859 de
1901 2825 1955 2860 sui

1152 2908 1178 2925 ³,
1206 2891 1332 2917 natura
1347 2881 1527 2924 expiravit
1542 2877 1584 2914 ad
1599 2879 1757 2913 formam
1774 2874 1955 2911 Constitu-

1153 2957 1178 2973 „
1205 2933 1346 2967 tionum
1360 2931 1638 2975 apostolicarum
1654 2926 1696 2962 ad
1712 2937 1795 2972 quas
1811 2926 1877 2962 &c-
1887 2937 1953 2971 per

1154 3006 1179 3024 2,
1208 2980 1365 3017 lllfflum
1378 2980 1425 3015 D.
1441 2982 1476 3016 in
1495 2982 1593 3015 fonte
1609 2976 1829 3024 recognitis,
1842 2986 1955 3023 prout

1153 3056 1180 3073 ,‚
1207 3031 1317 3068 fidem
1331 3032 1415 3066 facit
1442 3030 1485 3067 ad
1503 3032 1659 3066 sormam
1674 3027 1955 3063 Constitutionis

1153 3107 1179 3123 „
1204 3082 1285 3117 San.
1299 3082 1415 3117 Mem.
1433 3078 1614 3116 Benedicti
1631 3076 1699 3115 PP.
1716 3075 1829 3112 XIV.
1849 3077 1955 3122 super

1152 3157 1177 3174 ,,
1200 3130 1635 3168 reformatione&c.1dem
1652 3126 1783 3164 lllffius
1796 3126 1955 3163 &Rtiius

1153 3207 1178 3224 2,
1205 3182 1255 3217 D.
1270 3183 1321 3217 ita
1336 3181 1521 3220 mandavit
1536 3181 1601 3218 hac
1615 3178 1674 3217 die
1689 3205 1698 3215 .
1712 3203 1722 3214 .
1738 3206 1746 3214 .
1760 3203 1770 3214 .

1203 3232 1471 3276 N.N.Judex.
1783 3276 1821 3313 N
1848 3277 1885 3312 N
