2300 3547
451 212 455 215 .
472 163 831 268 1viz716i'uperantfruitus
849 228 1011 261 Montium
1030 230 1140 262 Romae
1155 228 1270 259 ibidem

480 284 511 305 n.
536 280 575 305 66

394 320 527 351 finnus
544 317 700 348 Montium
713 314 924 353 subjeeiorum
950 317 1078 348 viuculo
1094 314 1291 348 fideicom-

491 361 564 391 uiisii
584 382 592 396 ‚
616 363 742 401 possunt
757 359 890 400 obligari
906 371 972 400 cap.
987 371 1033 398 ¹7-
1048 371 1076 392 n.
1096 370 1145 402 3¹·

394 406 528 437 Procius
558 405 717 435 Locorum
744 403 904 434 Montium
927 404 1149 444 cujuscumque
1163 402 1274 442 speciei

487 458 550 479 non
567 448 726 479 excedunt
740 447 824 478 scuta
839 446 896 475 tria
910 446 940 476 iu
954 447 1094 487 singulos
1107 455 1206 476 annos
1219 461 1275 488 pro

487 492 653 533 quolibet,
680 495 706 522 ὁὶ
729 496 917 531 reputantur
941 501 998 530 pro
1016 491 1168 522 fructibus
1181 500 1276 524 natu-

483 535 603 567 ralibus
617 541 685 573 cap:
699 547 730 567 2.
742 544 772 563 n.
785 538 836 565 68.

394 580 613 612 PrueiusMnn
623 578 662 609 tis
680 577 958 608 Communitatuni
974 576 1029 608 sub
1046 577 1171 608 initium
1189 588 1276 610 crea-

479 622 586 661 ,tionis
600 621 738 663 assignati
764 623 892 652 fuerunt
910 621 940 651 iu
957 620 1054 651 scutis
1071 620 1124 653 sex
1138 632 1208 653 cum
1223 623 1276 653 di-

487 666 587 696 midio
601 676 658 704 pro
671 665 797 705 lingulis
815 664 895 694 locis
908 674 972 704 cap.
986 677 1015 701 4.
1029 676 1057 697 n.
1072 671 1100 697 8.

399 712 531 743 frussus
550 709 668 740 Montis
694 710 786 739 Urbis
816 709 937 738 veteris
953 709 1071 748 praefixi
1088 709 1216 740 fuerunt
1238 711 1272 742 in

481 752 583 783 scutis
598 750 650 783 sex
667 753 784 783 ibidem
802 761 831 781 ιι.
852 762 897 790 ¹5.

391 799 521 831 fruetus
548 797 700 826 Locorum
728 794 886 827 Montium
911 795 1115 827 Baronalium
1130 796 1273 837 siintpa-

479 850 549 870 rum
576 840 660 875 tuti,
683 841 754 881 quia
770 842 957 881 plerumque
973 840 1202 872 consumantur
1218 852 1271 880 per

482 883 566 923 ipsos
585 883 723 913 Barones
736 906 745 922 ‚
762 884 810 915 vel
827 883 1041 923 percipiuntur
1054 892 1070 914 a
1088 885 1270 916 Banelieriis

491 937 551 967 pro
565 927 675 958 cedula
688 927 836 959 Bancaria
849 927 957 958 favore
972 929 1129 959 Bai-onum
1141 935 1272 961 exarata

490 980 555 1010 cap.
583 983 612 1006 4.
637 980 667 1001 n.
693 977 742 1009 38.

397 1016 531 1050 frufius
547 1015 739 1056 affignantur
761 1014 830 1054 illi,
854 1015 908 1054 qui
935 1016 1046 1055 probat
1070 1016 1273 1057 impleviffe,

484 1068 579 1089 onera
593 1083 601 1097 ‚
618 1059 735 1099 quibus
746 1059 825 1091 Loca
842 1059 1001 1090 Montium
1018 1060 1193 1092 afficiuntur
1209 1070 1274 1101 cap.

487 1114 534 1143 ¹5·
557 1112 587 1133 n.
616 1113 666 1142 37.

442 1146 578 1179 Decurfi
595 1147 631 1176 ab
645 1145 735 1176 obitu
752 1147 845 1187 primi
863 1146 979 1180 Provili
996 1146 1092 1188 usque
1105 1146 1143 1180 ad
1157 1158 1271 1180 novam

485 1188 703 1221 Callationem
728 1191 846 1220 cadunt
872 1191 926 1222 sub
952 1191 1055 1232 spolio
1079 1194 1105 1224 ἃ
1132 1192 1273 1233 spet'tant

479 1236 518 1264 ad
544 1233 709 1264 Cameram
729 1234 845 1266 ibidem
861 1245 892 1266 n.
907 1246 959 1271 49.
1092 1238 1095 1243 ’

440 1275 643 1316 Ordinesque
669 1279 827 1309 fruetuum
851 1275 1056 1310 decursorum
1070 1287 1142 1311 aute
1158 1281 1271 1311 Colla-

484 1323 605 1352 tiouem
637 1322 805 1352 traduntur
834 1322 1050 1355 Thaesaurario
1076 1326 1103 1356 ἃ
1132 1334 1227 1366 quare
1240 1335 1270 1357 n.

484 1378 534 1405 51·
553 1368 585 1396 ’ἃ
618 1375 665 1403 52.

437 1413 503 1442 Nec
533 1411 650 1441 fructus
680 1410 866 1450 affignantui·
891 1412 1017 1445 Rerri
1037 1410 1200 1444 succeffori
1216 1411 1272 1442 nisi

486 1465 524 1484 ex
537 1453 636 1494 gratia
652 1453 806 1494 Principis
825 1456 942 1488 ibidem
957 1465 986 1485 ¹1-
1004 1467 1054 1496 53-

397 1499 527 1531 fruetus
543 1495 665 1528 Census
690 1498 871 1530 limitantur
899 1501 929 1531 in
953 1499 1050 1530 scutis
1065 1506 1202 1541 quatuor
1217 1506 1272 1531 aut

482 1540 621 1582 quinque
639 1552 697 1580 pro
712 1546 897 1575 centenario
911 1548 937 1579 ἃ
955 1553 1037 1574 anno
1053 1554 1117 1584 cap.
1136 1549 1271 1581 16.n.44.

391 1586 524 1617 fruetus
560 1586 682 1616 Census
707 1587 771 1627 peti
800 1590 924 1625 possunt
951 1599 1006 1627 per
1030 1588 1115 1619 viam
1140 1589 1270 1620 aetionis

490 1628 708 1669 principaliter
720 1641 758 1661 ex
775 1632 926 1670 stipulato
940 1642 1005 1672 cap.
1025 1636 1073 1663 16.
1089 1641 1118 1664 n.
1132 1644 1185 1672 47.

439 1674 469 1704 Si
491 1674 611 1703 fruQus
638 1675 792 1705 Locorum
821 1676 983 1707 Montium
1007 1683 1267 1717 attergatorum

477 1726 542 1746 non
571 1716 727 1748 sufficiunt
754 1718 791 1748 ad
808 1718 1000 1750 solutionem
1027 1721 1186 1752 fruetuum
1201 1729 1269 1751 cen.

476 1760 529 1792 sus
547 1760 595 1790 vel
611 1762 725 1792 cambii
739 1760 899 1803 suppletur
915 1763 1057 1796 bancaria
1070 1774 1128 1804 pro
1144 1764 1267 1795 residuo

478 1815 546 1843 cap.
562 1815 613 1836 20.
630 1815 660 1836 n.
674 1811 725 1845 65.

392 1850 566 1883 fruetuum
579 1850 724 1880 cessioni-s
737 1849 905 1888 prohibitae
928 1853 1055 1884 fuerunt
1067 1863 1083 1883 a
1099 1850 1268 1884 Bene'dieio

480 1893 535 1924 ΡΙ).
559 1894 645 1924 XIV.
659 1904 726 1934 cap.
739 1904 787 1925 ιο.
802 1903 829 1925 n.
846 1901 898 1934 69.
915 1899 942 1930 S<
958 1898 1051 1928 Ratio
1072 1897 1180 1934 ?n.70.

386 1938 484 1970 Furta
507 1939 534 1968 <St
558 1937 709 1968 fallimus
728 1959 736 1973 ‚
761 1948 827 1979 quae
851 1947 1018 1979 patrantur
1035 1943 1071 1972 ab
1090 1940 1265 1973 Offisaiem

482 1984 530 2011 Set
541 1981 662 2011 retariae
673 1984 746 2013 Mon
760 1983 840 2012 tium
854 1994 907 2023 per
920 1985 1048 2016 abusum
1064 1984 1268 2025 Officiipuni-

478 2031 574 2054 untur
593 2035 677 2062 paena.
689 2026 848 2057 ordinaria
865 2037 930 2068 cap.
956 2042 981 2067 7.
997 2040 1014 2059 n
1047 2034 1095 2060 26.

385 2069 519 2100 futuris
552 2071 672 2100 vocatis
690 2071 888 2110 deputandus
911 2075 951 2103 est
971 2081 1097 2103 curator
1121 2072 1152 2102 in
1180 2073 1271 2104 dele-

478 2112 579 2142 &tione
596 2113 796 2144 vinculorun
815 2124 881 2153 cap.
899 2127 950 2157 ²3·
967 2127 995 2147 n.
1011 2131 1059 2156 27.

431 2155 613 2197 Didiusque
626 2159 763 2188 Curator
775 2158 944 2190 sumendus
961 2163 1001 2192 est
1026 2173 1041 2192 e
1068 2161 1189 2203 gremio
1203 2163 1271 2194 Cu-

476 2200 602 2230 rialium
618 2203 655 2232 de
668 2202 820 2243 Collegio
834 2209 925 2237 n.28‚

476 2287 570 2317 Ratia
586 2288 737 2327 principis
761 2289 838 2320 tirca
862 2290 1098 2325 Concessionem
1117 2295 1270 2334 Benepls-

488 2332 542 2360 citi
560 2330 643 2362 Loco
668 2334 720 2372 pio
747 2343 802 2370 pro
830 2334 1030 2372 impositione
1043 2340 1163 2370 Census
1176 2341 1264 2377 super

476 2376 574 2405 Bonis
610 2375 639 2405 in
666 2387 778 2417 genere
796 2387 857 2407 uon
876 2381 977 2417 potest
991 2383 1171 2416 extendiad
1189 2386 1269 2414 Loca

476 2418 637 2449 Montium
654 2444 662 2456 ,
678 2421 715 2450 de
728 2420 843 2460 quibus
855 2421 998 2461 specialis
1015 2426 1133 2457 mentio
1151 2427 1265 2459 sacien—

476 2461 515 2491 da
529 2465 752 2501 estcap.26.n.
775 2476 843 2502 ¹09·
922 2476 929 2478 “

388 2506 501 2536 Gratia
518 2506 668 2546 Principis
683 2508 762 2538 circa
778 2510 1038 2542 Investinientum
1054 2514 1146 2552 pretii
1163 2517 1266 2546 Loco-

474 2560 543 2580 rum
564 2551 723 2580 Montium
739 2551 1100 2586 fideicommilsariorum
1113 2568 1201 2589 extra
1212 2561 1266 2590 sta.

483 2601 553 2624 tum
573 2594 819 2626 Ectlesiasticum
833 2599 1032 2638 quommodo
1048 2600 1263 2642 impetretur?

473 2647 539 2679 cap.
561 2648 651 2677 25.n.
668 2644 719 2670 66.
735 2642 760 2671 Si
777 2651 818 2679 72

386 2724 465 2799 H
489 2725 643 2757 IEreditas
657 2725 874 2758 Cardinali'uni
887 2731 1076 2771 quandoque
1091 2732 1212 2772 pulsata
1225 2736 1266 2766 est

491 2780 547 2808 pro
573 2769 730 2800 solutione
755 2772 1047 2806 emolumentorum
1061 2776 1205 2808 debitum
1220 2777 1265 2809 se·

476 2824 501 2841 ,τ
525 2814 607 2843 ῑυίεε
626 2814 783 2844 montium
795 2826 864 2855 cap.
884 2828 930 2855 ιζ.
947 2827 976 2848 n.
996 2825 1046 2854 ξε,

387 2855 560 2888 Haereditas
583 2857 688 2887 relicia
709 2859 848 2890 Ecciefiae
874 2860 924 2890 vel
939 2860 1028 2894 Locis
1043 2864 1101 2903 piis
1116 2864 1269 2896 adirinon

473 2903 572 2939 potet
595 2903 654 2932 line
669 2902 794 2932 licentia
810 2903 1039 2942 Episcoporuin
1063 2909 1223 2950 Congreg.
1237 2911 1265 2941 8(

471 2944 531 2974 sime
547 2945 676 2975 decreto
689 2947 870 2978 Cardinalis
892 2948 1005 2982 Vicarii
1020 2962 1085 2991 cap.
1104 2963 1148 2983 ιο.
1169 2963 1198 2983 n.
1214 2964 1263 2984 η.

386 2987 465 3025 Haere
478 2997 491 3016 s
506 2992 542 3017 ab
559 2988 729 3023 intestato,
758 2994 845 3027 cujus
872 2993 978 3023 favore
1005 2995 1162 3025 translata
1189 2996 1262 3027 sunt

471 3032 552 3061 Loca
571 3034 727 3064 Montium
754 3043 825 3064 cum
855 3034 994 3067 clausula
1012 3039 1188 3069 dummodo
1202 3042 1260 3072 ἃς.

471 3075 662 3107 adveniente
678 3077 807 3108 H-erede
827 3082 1063 3113 testamentario
1078 3108 1086 3121 ‚
1113 3084 1186 3113 huic
1215 3093 1262 3116 ea-

469 3118 542 3150 dem
552 3120 632 3152 Loca
645 3121 811 3157 restituere
825 3130 952 3156 tenetur
963 3135 1029 3170 cap.
1041 3140 1073 3166 9·
1084 3131 1178 3162 n.18.

1061 157 1549 215 INDEX

1325 229 1453 260 Haerede
1469 231 1701 260 dct'uneioaiite
1715 229 1824 260 fassam
1839 228 2084 263 translationem
2097 233 2196 265 Loco.

1413 282 1480 302 rum
1497 273 1657 303 Montium
1673 294 1682 309 ,
1714 275 1748 303 fit
1773 274 1942 303 translatio
1958 275 1987 304 in
2001 275 2193 312 personam„

1414 315 1507 355 ipfius
1525 317 1663 347 Haeredis
1679 323 1847 358 utcumque
1858 318 1997 348 defuncti
2011 344 2018 355 ,
2045 322 2072 352 S<
2088 326 2196 349 conte-

1413 360 1568 391 xtualiter
1583 361 1619 390 ab
1635 361 1762 391 Haerede
1776 361 1805 393 in
1820 362 1979 392 Haeredem
1994 373 2058 403 cap.
2073 375 2108 399 ¹4
2133 374 2197 401 n.9.

1327 405 1432 436 Haeres
1448 411 1596 445 gravatus
1612 428 1621 441 ‚
1637 403 1686 434 cui
1698 407 1850 444 competit
1864 405 1964 436 solum
1986 411 2035 444 jus
2048 406 2196 447 exigendi

1414 449 1533 479 fruetus
1547 471 1555 484 ‚
1576 447 1658 478 sole't
1682 447 1817 479 alienare
1839 452 2101 481 commoditatem
2117 460 2197 481 exa-

1416 492 1530 523 &ionis
1547 492 1702 521 fruetuum
1725 492 1795 522 loco
1811 493 2015 534 proprietatis
2029 506 2084 535 pro
2097 495 2195 526 scutis

1417 547 1466 573 ις.
1481 542 1535 565 aut
1551 545 1602 574 30,
1619 534 1648 564 in
1662 535 1779 576 singula
1798 536 1876 567 Loca
1891 547 1956 576 cap.
1976 544 2022 569 16.
2037 549 2066 570 n.
2085 552 2132 577 ¹9·

1329 580 1436 611 Haeres
1450 578 1588 608 succedit
1613 588 1677 618 quo
1700 580 1739 608 ad
1762 581 2022 611 commoditatem
2048 580 2195 623 exigendi

1415 624 1531 654 fruatis
1545 622 1768 653 Beneficiorum
1783 633 1852 663 cap.
1867 634 1955 656 20.n.
1971 635 2020 664 77.
2035 627 2061 656 ἃ
2079 634 2128 658 78.

1323 668 1428 699 Haeres
1444 666 1672 705 proprietarius
1685 669 1750 705 post
1762 667 2022 698 Translationeni
2035 669 2191 699 Locorum

1411 711 1573 740 Montium
1592 711 1659 747 ejus
1677 711 1782 741 favore
1796 711 1949 751 expletam
1968 711 2006 741 de
2022 713 2114 743 dietis
2133 712 2196 743 Lo-

1408 755 1453 786 cis
1469 755 1568 793 potest
1582 753 1621 783 ad
1636 754 1762 785 libitum
1783 754 1946 795 disponere
1956 765 2020 794 cap.
2036 767 2084 796 23.
2096 766 2124 786 n.
2141 769 2192 794 74.

1324 799 1429 831 Haeres
1443 798 1624 829 fiduciarius
1639 799 1802 837 disponere
1816 799 1927 840 aequit
1941 801 1977 829 de
1991 801 2082 830 Locis
2102 801 2194 831 Mon-

1410 842 1491 872 tium
1504 866 1512 879 ,
1540 841 1594 871 nisi
1608 841 1793 881 disponendi
1810 844 1945 874 facultas
1960 844 1989 872 in
2006 846 2195 874 testamento

1410 887 1512 917 fuisset
1527 885 1627 915 eidem
1641 886 1758 916 tributa
1773 896 1838 926 cap.
1856 900 1905 928 23.
1922 898 1952 917 n.
1973 898 2021 925 75.

1323 931 1429 963 Haeres
1440 929 1618 960 fiduciarius
1632 931 1673 960 est
1688 931 1816 970 simplex
1835 931 2079 962 Administrator
2093 933 2194 963 Bono.

1409 984 1478 1004 rum
1506 998 1514 1012 ,
1547 984 1613 1015 quae
1645 984 1720 1005 vero
1739 975 1851 1005 liaeredi
1868 975 2035 1006 restituere
2065 983 2193 1005 tenetur

1409 1027 1474 1059 cap.
1492 1029 1541 1057 ³3·
1557 1028 1587 1048 n.
1603 1023 1654 1056 76·

1324 1062 1429 1092 Haeres
1452 1061 1633 1093 fiduciarius
1659 1061 1778 1093 sumere
1797 1062 1892 1093 debet
1905 1062 2111 1101 possessionem
2125 1063 2191 1095 de,

1411 1116 1503 1136 mauu
1533 1105 1672 1136 Haeredis
1686 1106 1792 1137 ultimi
1813 1106 1934 1148 gravati
1947 1115 2013 1146 cap.
2029 1119 2079 1146 ²5·
2095 1117 2125 1138 υ.
2141 1111 2193 1142 48.

1366 1149 1480 1182 Limita
1494 1149 1550 1180 sub
1562 1160 1591 1180 n.
1605 1162 1656 1188 49.

1323 1194 1429 1226 Haeres
1444 1199 1595 1234 gravatus
1611 1194 1684 1225 licet
1698 1193 1833 1224 ultimus
1860 1194 1896 1223 de
1922 1192 2014 1224 Locis
2033 1194 2193 1225 Montium

1407 1237 1657 1269 fideicommissa
1672 1238 1816 1274 subjectis
1830 1237 1993 1276 disponere
2010 1237 2120 1279 nequit
2137 1238 2193 1268 nist

1409 1282 1488 1312 facita
1511 1280 1735 1323 subrogatione
1747 1282 1883 1313 aliorum
1899 1282 2055 1311 Bonorum
2073 1282 2195 1320 proin-

1409 1325 1583 1356 demnitate
1621 1326 1778 1358 filiorum
1803 1324 1907 1357 forsan
1933 1324 2189 1356 iiasceiidorum.»

1410 1380 1440 1402 n.
1472 1381 1542 1402 rio.

1322 1414 1446 1446 Haeredi
1461 1411 1595 1455 gravato
1616 1414 1697 1446 solet
1719 1413 1910 1456 quandoque
1927 1413 2072 1454 Princeps
2085 1414 2192 1449 justum

1409 1466 1614 1490 concurrente
1628 1459 1737 1496 causa,
1766 1459 1902 1489 tribuere
1919 1456 2105 1489 facultatem
2119 1457 2191 1489 alie.

1413 1503 1508 1533 nandi
1521 1504 1600 1535 Loca
1616 1503 1772 1535 Montium
1787 1504 1815 1533 in
1832 1509 1918 1539 parte
1933 1504 2191 1542 aap.23.n.126.

1323 1547 1529 1580 Haereditaria
1544 1547 1683 1588 qualine
1699 1551 1846 1587 probatur
1875 1545 2032 1576 mediante
2048 1544 2192 1576 examine

1409 1591 1448 1621 ad
1462 1600 1643 1631 perpetuam
1657 1592 1791 1622 duorum
1809 1591 1930 1622 testium
1955 1592 1992 1619 de
2014 1590 2190 1619 intestata-³

1407 1635 1732 1666 successioneHaeredis
1743 1634 1968 1675 deponentium
1982 1641 2191 1672 cap.23.n⁷77.

1321 1681 1428 1711 Homo
1440 1679 1635 1719 praesumitur
1650 1681 1756 1712 vivere
1769 1679 1865 1721 usque
1890 1678 1930 1707 ad
1951 1684 2074 1708 centum
2088 1684 2188 1707 annos

1408 1734 1473 1764 cap.
1487 1737 1516 1764 9.
1532 1734 1566 1756 n.
1584 1737 1630 1764 19.
2162 1761 2169 1767 ·

1363 1769 1454 1800 Lucri
1482 1769 1612 1810 cupidus
1638 1779 1694 1809 pro
1719 1768 1836 1810 exiguo
1857 1765 1957 1809 perite
1992 1773 2056 1795 non
2071 1766 2189 1793 metuit

1406 1823 1470 1853 cap.
1486 1826 1536 1850 24·
1552 1823 1579 1843 n.
1600 1824 1644 1851 ¹9·

1321 1856 1470 1888 Hominis
1485 1857 1644 1898 dispositio
1660 1858 1760 1899 magis
1776 1857 1854 1899 ligat
1867 1882 1876 1896 ,
1899 1859 1993 1898 quam
2018 1852 2095 1895 legis
2120 1859 2189 1891 cap.

1410 1908 1447 1933 26
1472 1913 1502 1935 n.
1519 1915 1528 1933 r
1540 1912 1550 1932 1
1563 1915 1586 1935 r.

1322 1945 1476 1976 Homines
1490 1944 1666 1987 antiquitus
1681 1945 1741 1975 sine
1753 1945 1835 1986 lege,
1851 1946 1878 1977 ἃ
1894 1945 2025 1976 Ree‘kore
2037 1940 2189 1981 rogaban-

1409 1995 1460 2019 tur
1484 2000 1546 2031 cap.
1562 1999 1702 2021 ι1.η.1.

1321 2034 1492 2073 Hypotecae
1508 2038 1532 2066 8(
1548 2033 1671 2063 vincula
1686 2033 1801 2069 adjecta
1815 2032 1905 2063 Locis
1921 2030 2077 2063 Montium
2096 2033 2187 2055 tran-

1408 2076 1500 2110 seunt
1515 2078 1545 2109 in
1566 2087 1675 2108 eorum
1692 2079 1864 2116 Emptores
1888 2087 1952 2116 cap.
1969 2086 2018 2114 23.
2046 2081 2142 2104 n.12·

1371 2165 1488 2197 Esuitae
1515 2177 1575 2197 non
1598 2166 1722 2204 poffiiut
1743 2163 1907 2202 transigere
1930 2162 2021 2199 super
2038 2154 2183 2190 Decimis

1323 2170 1355 2255 J
1383 2209 1562 2240 inconsulto
1581 2210 1669 2237 Patre
1687 2207 1842 2236 Generale
1867 2216 1928 2245 cap.
1948 2216 1997 2235 20.
2024 2213 2052 2232 n.
2069 2202 2120 2236 46·
2155 2241 2161 2247 .

1364 2252 1446 2293 Quia
1463 2251 1629 2282 Generalis
1654 2251 1747 2280 habet
1762 2250 1945 2289 potestatem
1971 2247 2074 2277 totius
2093 2242 2183 2273 Reli-

1407 2295 1511 2336 gionis
1541 2306 1568 2326 n.
1586 2307 1638 2333 47.
2153 2329 2160 2336 ·

1316 2338 1440 2375 Jesuitae
1459 2346 1607 2368 tenentur
1633 2337 1757 2369 servare
1787 2337 1938 2369 solemnia
1965 2333 2126 2366 necessaria
2152 2338 2183 2359 m

1405 2383 1596 2414 alienatione
1610 2393 1710 2412 rerum
1726 2382 1866 2413 Ecclefiae
1891 2380 2006 2411 ibidem
2031 2388 2115 2408 num.
2132 2378 2182 2410 48·

1361 2428 1433 2458 Non
1452 2433 1597 2457 tenentur
1613 2427 1777 2465 impeti-are
1794 2425 2028 2465 Beneplatitum
2047 2423 2183 2461 Aposto-

1405 2470 1501 2501 licum
1531 2471 1558 2500 in
1584 2471 1776 2500 alienatione
1804 2470 1962 2499 Montium
1985 2465 2182 2496 cantantium

1401 2513 1457 2545 sub
1479 2512 1678 2554 dispositione
1691 2515 1913 2545 Procuratores
1930 2510 2101 2543 Generales
2115 2519 2182 2549 cap.

1405 2570 1454 2590 20.
1482 2567 1512 2588 Π.
1554 2573 1579 2590 0·

1363 2603 1419 2635 Sed
1435 2571 1739 2633 debet⁵i³ilienationi
1756 2601 1891 2632 assentiri
1908 2601 1998 2631 Pater
2015 2596 2179 2632 Generalis

1407 2656 1436 2677 n.
1452 2658 1499 2684 54.

1321 2691 1495 2721 Insinuatio
1511 2690 1576 2720 fieri
1589 2692 1687 2729 potest
1699 2701 1736 2721 ex
1751 2689 1924 2720 intervallo
1940 2697 2057 2727 cap.23.
2072 2688 2180 2723 n.178.

1318 2735 1470 2765 Immissio
1489 2733 1521 2768 in
1549 2735 1756 2773 poffeffioneni
1774 2736 1921 2772 probatur
1939 2730 2179 2763 attestatione..

1406 2777 1598 2810 Cancellarii
1611 2777 1660 2808 seu
1677 2778 1799 2808 Notarii
1821 2787 1885 2816 cap.
1902 2787 1947 2814 ις.
1974 2787 2004 2806 n.
2020 2774 2069 2813 3'3.

1322 2822 1487 2864 Imperitia
1500 2822 1704 2852 Notariorum
1730 2822 1878 2852 mundum
1904 2819 2032 2850 destruit
2048 2839 2057 2852 ‚
2081 2819 2106 2848 Si
2120 2826 2179 2855 po-

1409 2866 1456 2897 nit
1468 2864 1689 2897 conscientiam
1710 2868 1880 2906 proborum
1894 2866 2040 2896 Virorum
2063 2862 2094 2891 in
2120 2858 2179 2891 dis-

1409 2911 1539 2940 crimine
1561 2919 1625 2947 cap.
1640 2922 1688 2946 24·
1714 2921 1743 2941 n.
1758 2923 1805 2941 22.

1315 2954 1477 2987 Institutio
1495 2953 1728 2984 fideicommiffi
1747 2952 1943 2993 particiiliris
1959 2951 2043 2986 facit,
2056 2955 2092 2979 ut
2105 2947 2177 2976 vin-

1401 2998 1505 3029 culum
1522 2996 1758 3028 fideicommissi
1786 2997 1883 3027 deleri
1910 3002 2045 3035 nequeat
2066 2993 2119 3023 nisi
2142 2994 2174 3019 in

1398 3041 1566 3072 subsidium
1588 3051 1652 3080 cap.
1670 3054 1716 3083 23.
1743 3044 1984 3078 n.107.&108.
2128 3077 2135 3083 .

1314 3087 1461 3121 Intereffe
1475 3087 1624 3116 habentes
1644 3085 1716 3116 sunt
1731 3085 1847 3116 citandi
1877 3085 1905 3114 in
1931 3082 2089 3112 deletione
2105 3087 2177 3126 vrn-

1315 3131 1322 3133 ’
1401 3130 1547 3162 culorum
1557 3130 1680 3162 tametsi
1696 3139 1806 3162 eorum
1829 3129 1972 3160 interess'e
1984 3125 2125 3156 consistat
2143 3131 2174 3151 1¹1

2040 3171 2101 3214 ipe
2116 3189 2125 3204 2
