2300 3547
580 160 1514 216 VBERRIMVS.

235 233 317 263 tium
345 230 496 261 oneribus
520 229 699 260 affectorum
729 239 813 259 num.
844 240 893 267 75.

140 277 241 319 Capsa
257 275 534 307 Proxeneticorum
550 273 722 304 custoditur
739 274 785 314 *ab
802 273 942 305 officiale
958 284 1025 305 ma-

231 321 279 361 gis
295 321 409 349 idoneo
425 328 488 356 cap.
504 321 533 348 8.
558 327 588 349 n.
606 329 652 347 ιι.

140 364 283 405 Capserii
297 371 410 392 munus
429 363 469 392 est
481 361 607 400 exigere
620 360 850 392 Emolumenta
876 360 1018 404 omnesq;

227 406 388 437 introitus
403 405 582 434 Secretariae
606 414 671 444 cap,
687 415 735 443 ις.
762 415 792 436 11.
810 415 837 436 1.

181 452 227 482 Et
253 450 327 479 sicut
345 448 573 479 Emolumenta
590 446 660 480 sunt
684 449 713 479 in
734 456 820 487 parte
840 449 1016 489 assignata...

227 492 589 524 Areliicoltsraternitati
618 492 750 523 Pietatis
772 493 1014 523 Carceratorum

229 537 347 568 ibidem
369 548 399 567 n.
415 549 442 568 ι.

135 581 306 622 Capserius
332 588 496 620 propterea
521 578 682 620 segregare
716 581 810 611 debet
833 579 1013 620 portionem

224 625 363 656 debitam
388 623 550 654 antediem
568 624 925 655 Archiconfrazernitati
953 625 1015 656 ibi-

222 670 293 699 dem
323 678 352 700 n.
373 680 400 709 3.

182 713 371 743 Pol-tionem
386 722 460 744 vero
472 711 662 750 spectantem
683 711 720 740 ad
736 712 901 741 eameram
922 711 1014 744 debet

223 757 378 796 deponere
402 756 434 786 in
451 755 621 787 Creditum
635 755 728 796 ipsius
744 755 881 785 Camerae
896 755 1011 786 ibidem

221 810 297 831 num
324 813 352 836 4.

176 843 350 882 Aliamque
378 843 558 882 portionem
574 841 764 874 attinentem
789 842 828 872 ad
854 843 885 873 d.
902 842 1012 874 Archi-

222 887 523 918 confraternitatem
540 884 704 916 exsolvere
720 886 814 916 debet
827 888 989 925 Deputato
1002 912 1012 925 ‚

221 933 275 971 qui
293 932 322 961 in
341 930 422 959 calce
438 930 522 960 Libri
539 929 676 970 Regestri
699 929 911 971 quietantiam
935 930 1012 967 facit

222 975 339 1006 ibidem
365 983 393 1003 n.
410 985 437 1010 5.

175 1017 329 1049 I³ormula
343 1017 491 1055 praediaae
506 1016 700 1058 Qietantiae
715 1016 831 1048 ibidem
848 1027 878 1048 n.
890 1023 920 1049 6.

178 1063 330 1093 Salarium
349 1060 603 1092 Administratori
618 1086 626 1099 ‚
653 1063 680 1092 ἃ
698 1060 892 1093 Officialibus
907 1058 1009 1091 exsol-

224 1105 398 1135 vitibidem
426 1114 455 1134 n.
470 1116 497 1141 7.

174 1151 226 1181 Ad
245 1151 376 1180 formam
395 1146 513 1179 Rutuli
526 1147 756 1179 aThesaurario
771 1149 936 1188 approbati
949 1157 1010 1186 n.9.

173 1194 269 1225 Gerit
284 1189 437 1232 expensas
453 1201 564 1222 omnes
581 1192 760 1222 necessarias
775 1201 833 1231 pro
845 1192 931 1222 bono
956 1202 1009 1222 re-

215 1237 330 1277 gimine
343 1236 586 1266 secretariarum
608 1245 639 1266 n.
658 1244 708 1267 ιο.

170 1280 348 1315 Distribuit
364 1281 480 1310 strenas
493 1279 617 1310 debitas
631 1279 853 1310 Cameralibus
877 1278 914 1309 ad
941 1278 1007 1308 for-

220 1334 300 1354 mam
320 1323 447 1360 notulae,
461 1333 554 1363 quam
569 1321 737 1362 Capserius
751 1326 923 1355 antecessor
938 1333 1010 1353 con.

214 1368 315 1408 signat
330 1367 494 1398 Successori
519 1378 548 1398 n.
568 1378 577 1396 1
590 1377 616 1399 1.

132 1411 302 1452 Capserius
329 1411 434 1441 reddit
467 1411 622 1442 rationem
655 1420 742 1441 more
769 1411 1008 1442 Condue'torum

218 1456 437 1486 Proventuum
461 1453 611 1486 fiscalium
626 1479 637 1493 ,
660 1457 688 1488 ἃ
705 1453 1010 1487 Administratorum

214 1509 300 1532 num.
318 1510 368 1531 12.

167 1543 268 1575 Illius
283 1546 444 1584 Computa
463 1543 688 1575 examinantur
701 1542 731 1574 in
747 1542 1002 1584 Congregatione

214 1590 453 1629 Computorum
466 1609 476 1624 ,
500 1598 516 1618 a
532 1597 592 1630 qua
605 1587 828 1629 promulgatur
840 1586 1002 1618 Sententia

211 1643 298 1664 num.
316 1643 365 1671 13-

119 1681 123 1686 '
172 1676 280 1708 Potest
294 1702 302 1715 ‚
328 1677 346 1707 fi
361 1677 442 1707 velit
455 1701 463 1714 ‚
489 1677 602 1708 habere
627 1675 718 1706 fidem
734 1674 945 1706 Debitoribus
959 1676 1004 1706 E-

211 1721 482 1751 molumentorum
499 1732 556 1761 pro
570 1718 702 1752 Affibus
718 1721 806 1751 factis
819 1718 850 1749 in
863 1723 1001 1750 Secreta-

208 1765 253 1795 ria
271 1765 490 1796 Montium‘n.
511 1770 558 1797 16.

163 1809 364 1842 Debitorum
377 1819 464 1839 mora
479 1809 565 1839 cedit
577 1809 693 1840 damno
708 1807 848 1849 Capserii
863 1829 872 1844 ‚
885 1808 940 1849 qui
952 1807 1001 1840 iis—

208 1853 281 1883 dem
306 1853 397 1884 fidem
421 1852 555 1890 habuit,
578 1855 605 1886 &
629 1862 692 1882 non
718 1851 994 1883 Administratoris

208 1907 272 1937 cap.
291 1908 336 1937 13·
360 1907 389 1928 n.
407 1906 455 1934 ¹7.

119 1938 271 1983 Capserio
286 1941 440 1980 competit
453 1940 533 1972 aetio
546 1939 756 1981 sequestrandi
773 1941 891 1972 frussus
902 1940 998 1971 Loco.

205 1995 275 2015 rum
302 1985 463 2015 Montium
491 1985 656 2015 Debitoris
682 1984 859 2015 Secretariae
883 1983 996 2026 absque

206 2029 370 2061 Citatione
386 2029 503 2059 ibidem
527 2038 558 2059 n.
575 2037 624 2066 ¹9-

116 2071 286 2113 Capserius
301 2073 401 2102 statim
415 2082 447 2102 ac
462 2072 622 2112 consignat
635 2072 794 2103 Montistis
819 2072 871 2103 vel
888 2081 998 2102 eorum

204 2116 470 2147 procuratoribus
487 2116 642 2147 Ordinem
660 2117 756 2147 Pretii
774 2119 928 2147 Locorum
946 2127 998 2147 ex-

205 2161 377 2190 traCtorum
394 2185 402 2197 ,
426 2166 558 2190 annotat
577 2159 628 2188 dd.
642 2160 780 2190 Ordine<
795 2161 823 2190 in
842 2159 997 2190 libert-ulo

205 2202 246 2232 ad
260 2202 441 2233 evitandam
453 2203 648 2242 duplicatam
670 2202 864 2234 solutionem
878 2204 995 2234 ibidem

202 2255 290 2277 num.
308 2257 357 2285 23.

114 2288 299 2330 Capserium
317 2292 405 2321 decet
417 2290 473 2320 effe
486 2289 631 2320 edofimm
646 2288 777 2320 deTaxa
791 2289 998 2319 Emolumen-

204 2341 313 2364 torum
325 2334 643 2374 percipiendorum,&
657 2333 694 2362 de
707 2333 787 2371 privi
797 2332 997 2374 legioExem-

202 2378 324 2417 ptionis
341 2399 348 2413 ,
375 2387 439 2418 quo
459 2377 664 2418 privilegiatae
680 2376 819 2408 Personae
832 2378 997 2416 perfruun-

203 2430 254 2451 tur
278 2433 344 2459 cap.
370 2431 416 2462 ¹3·
443 2431 473 2451 n.
491 2433 542 2458 29·

116 2463 285 2507 Capserius
301 2466 396 2495 debet
409 2466 465 2495 ess'e
477 2464 639 2496 sollicitus
653 2463 807 2505 spoliandi
820 2463 993 2500 Broliarda,

205 2513 229 2540 ἃ
247 2507 436 2541 extrahendi
456 2511 588 2539 ,erutas
617 2519 645 2539 n.
661 2520 713 2548 43.

159 2555 293 2585 Accedit
307 2553 345 2582 ad
360 2553 567 2584 secretariam
591 2559 664 2583 ante
687 2552 770 2583 alios
789 2551 949 2584 Officiaies
967 2552 993 2584 ἃ

200 2607 295 2638 quare
324 2609 353 2627 n.
371 2608 422 2632 44.

156 2641 410 2674 Illiussalarium
423 2639 561 2671 confistit
574 2639 605 2671 in
621 2639 786 2671 menstruis
799 2637 893 2671 scutis
906 2638 994 2680 quin-

198 2687 298 2716 decim
325 2695 355 2717 n.
372 2697 424 2723 45.

156 2728 271 2760 Eidem
286 2729 323 2759 de
339 2739 369 2759 re
381 2729 420 2758 ad
435 2729 597 2768 proprium
614 2738 727 2759 munus
742 2726 899 2758 attinente
926 2724 995 2767 plu-

200 2772 315 2802 timum
329 2773 472 2804 defertur
497 2782 525 2803 n.
543 2784 592 2813 39.

155 2816 228 2847 Non
245 2822 370 2846 tenetur
386 2818 421 2847 de
440 2816 536 2851 dolo,
562 2819 586 2847 ἃ
603 2817 682 2848 ficto
697 2814 890 2853 Subcapscrii
905 2824 935 2845 n.
948 2824 996 2852 52.

155 2857 254 2891 Fallit
268 2860 376 2901 regula
391 2861 422 2891 in
437 2858 584 2899 [lapferio
597 2859 673 2891 sacri
691 2859 808 2891 »tontis
837 2869 876 2889 ex
891 2858 996 2898 parti-

200 2902 296 2932 tulari
312 2911 440 2934 >tatum
454 2915 584 2943 cap.13.
614 2913 643 2935 n.
658 2915 706 2943 53.

113 2945 294 2978 Cardiualis
319 2947 356 2977 de
383 2948 461 2979 Luca
489 2949 549 2979 fuit
577 2948 717 2979 Auditor
743 2943 994 2977 InnocentiiXI.

199 2991 324 3021 romani
351 2991 529 3032 publicique
554 2990 633 3030 juris
657 2990 856 3032 peritissimus
882 2999 947 3027 cap.
964 3000 994 3020 2.

201 3043 286 3064 num.
308 3047 358 3073 μ.

113 3077 297 3109 Cardiualis
329 3087 389 3109 non
418 3079 511 3109 debet
534 3078 679 3110 accedere
699 3077 737 3107 ad
761 3077 992 3116 praestandunu

199 3121 384 3156 consensum
397 3122 429 3155 in
442 3122 803 3157 SecretariamMontium
820 3120 991 3167 sedbAdmi-

776 3191 785 3225 l
814 3224 818 3225 ⁷

1165 229 1310 259 nistrator
1326 231 1429 270 pergit
1443 232 1480 259 ad
1494 231 1584 262 AEdes
1599 232 1779 264 Cardinalis
1793 180 1950 274 pr09uie'to

1163 272 1322 304 Consensu
1349 283 1414 313 cap.
1432 283 1481 305 ¹1.
1505 285 1535 305 n.
1553 288 1601 307 22.

1074 315 1249 348 Constituit
1261 317 1451 357 quandoque
1466 319 1707 350 Procuratorem
1721 345 1729 357 ‚
1752 321 1805 361 qui
1817 322 1884 357 ejus
1897 330 1948 351 no-

1161 361 1244 392 mine
1258 362 1376 401 praestat
1388 361 1584 393 Consensum
1601 363 1630 393 in
1648 366 1814 395 Secretaria
1829 374 1949 405 cap.n.

1157 414 1243 436 num.
1257 417 1305 444 23-

1068 447 1256 479 Cardinales
1275 448 1346 483 sumt
1361 449 1501 490 exempti
1516 459 1530 480 a
1545 450 1653 490 Spolio
1668 459 1731 489 cap.
1748 462 1796 490 ¹5·
1809 461 1839 482 n.
1853 462 1901 490 55.

1066 492 1246 523 Cardinalis
1272 492 1457 533 subscriptio
1481 503 1543 525 non
1568 495 1690 534 indiget
1703 495 1947 536 recognitione,

1153 537 1279 567 Notarii
1297 536 1412 568 ibidem
1438 548 1466 568 n.
1484 549 1532 573 ²4-

1067 579 1248 611 Cardiualis
1263 589 1360 619 nepos
1369 581 1533 611 pontificis
1544 581 1707 623 regnantis
1717 582 1834 623 gaudet
1844 592 1946 613 exem-

1156 623 1265 664 ptione
1287 623 1460 655 solutionis
1475 625 1777 656 Emolumentorum
1794 626 1823 656 in
1840 627 1947 666 acqui-

1154 678 1185 698 re
1195 668 1257 697 ndo
1282 674 1411 705 tamen,
1436 671 1462 701 8<
1479 669 1589 699 nonin
1603 670 1785 710 resignando
1809 679 1875 708 cap.
1894 679 1945 710 ¹3·

1152 721 1238 742 num.
1254 722 1304 750 30.

1066 754 1250 785 Cardinalis
1264 756 1462 786 Camerarius
1479 756 1670 797 quandoque
1692 757 1820 789 obtinet
1841 767 1947 788 exem-

1151 798 1295 838 ptionem
1319 810 1334 829 a
1356 799 1516 831 solutione
1531 800 1834 831 Emolumentorum
1849 801 1937 832 debi-

1153 848 1220 871 tum
1235 843 1374 873 Camerae
1393 851 1456 874 tam
1478 845 1508 875 in
1525 844 1715 885 acquirendo
1728 867 1738 882 ‚
1761 854 1856 886 quam
1872 854 1943 875 ven·

1151 885 1257 915 dendo
1269 886 1350 916 Loca
1363 889 1520 918 Montium
1535 887 1652 919 ibidem
1679 897 1709 918 n.
1727 898 1777 928 33.

1107 929 1291 969 Aliquando
1322 931 1504 965 hujusmodi
1528 931 1764 972 exemptionem
1789 931 1944 972 implorat

1145 974 1171 1004 ἃ
1188 973 1315 1003 obtinet
1336 984 1351 1003 a
1369 975 1582 1007 Tnesaurario
1607 986 1638 1006 n.
1655 985 1706 1013 34.

1061 1016 1249 1047 Cardinales
1264 1027 1376 1047 omnes
1389 1041 1398 1056 ‚
1421 1020 1564 1059 quiante
1578 1019 1818 1050 cardinalatum
1839 1018 1940 1049 fundu

1147 1059 1219 1093 sunt
1245 1070 1373 1091 munere
1400 1062 1605 1095 Tliesaurarii
1627 1083 1637 1098 ‚
1667 1062 1807 1104 gaudent
1830 1063 1942 1094 eadem

1149 1104 1352 1143 exemptione
1377 1117 1406 1138 n.
1423 1116 1472 1147 31.
1570 1135 1571 1138 ,

1107 1147 1223 1178 Limita
1237 1155 1273 1177 ut
1286 1148 1316 1178 in
1331 1160 1417 1180 num.
1430 1163 1485 1185 40.
1497 1162 1550 1185 41.
1564 1154 1590 1184 &
1601 1164 1651 1188 42.

1061 1191 1205 1222 Cassatio
1223 1191 1464 1224 Reservationis
1491 1196 1658 1226 fruetuum
1680 1201 1864 1224 annotatur
1877 1200 1943 1226 tam

1146 1235 1176 1265 in
1194 1234 1296 1266 Libris
1310 1238 1484 1270 Secretariae
1499 1259 1511 1275 2
1531 1249 1625 1281 quam
1642 1240 1673 1271 in
1687 1238 1809 1270 litteris
1824 1240 1937 1269 Paten-

1149 1279 1238 1310 tibus*
1254 1289 1317 1320 cap.
1335 1290 1382 1319 17.
1409 1291 1439 1313 n.
1455 1294 1501 1322 35.

1059 1323 1158 1355 Causa
1173 1325 1381 1356 contrahendi
1404 1326 1454 1355 vel
1477 1326 1672 1357 distrahendi
1698 1324 1869 1366 alleganda
1894 1327 1939 1357 est

1144 1367 1245 1405 Juditi
1271 1368 1299 1398 in
1316 1367 1440 1409 scriptis
1471 1379 1535 1409 cap.
1550 1382 1601 1410 23.
1628 1382 1658 1402 n.
1678 1373 1747 1401 186.

1062 1410 1161 1442 Causa
1179 1411 1207 1440 in
1222 1409 1347 1452 scriptis
1358 1412 1510 1444 narranda
1527 1416 1568 1445 est
1583 1414 1684 1450 judici
1698 1414 1738 1442 ob
1755 1422 1849 1453 quam
1865 1423 1940 1444 con-

1149 1457 1266 1492 trae'tus
1282 1457 1445 1497 expleatur
1457 1466 1521 1497 cap.
1540 1470 1590 1490 η.
1616 1467 1647 1488 n.
1659 1471 1709 1500 30.

1062 1497 1167 1530 causae
1179 1508 1407 1531 concernentes
1427 1500 1507 1532 Loca
1521 1502 1681 1532 Montium
1698 1506 1872 1531 avocantur
1896 1501 1937 1532 ab

1147 1543 1217 1573 aliis
1241 1544 1488 1584 TribunalibuS,
1513 1548 1539 1577 δι
1556 1544 1743 1586 delegantur
1758 1543 1937 1576 Thesauraa

1141 1587 1190 1617 ri'o
1204 1597 1270 1627 cap.
1282 1593 1311 1620 6.
1338 1598 1367 1620 n.
1381 1601 1430 1628 47.

1101 1632 1229 1663 Habent
1242 1632 1348 1665 Causae
1373 1633 1548 1675 aliquando
1562 1633 1681 1666 malum
1698 1634 1798 1664 fatum
1824 1643 1891 1673 cap.
1907 1646 1939 1675 ς.

1143 1686 1228 1709 num.
1242 1688 1292 1716 5²·

1053 1719 1211 1751 Canthela
1223 1720 1344 1753 Soccini
1359 1743 1368 1758 ,
1392 1732 1453 1762 qua
1476 1721 1619 1753 Testatos
1643 1722 1805 1761 prohibuit
1827 1720 1933 1750 detra-

1139 1764 1276 1795 &ionem
1294 1764 1440 1805 legitimae
1458 1765 1534 1795 facit
1547 1791 1554 1803 ‚
1580 1773 1617 1796 ut
1639 1765 1781 1807 legitima
1801 1774 1865 1796 non
1880 1764 1935 1795 de·

1141 1809 1286 1840 trahatur
1307 1819 1373 1846 ea).
1392 1823 1441 1851 ²3-
1469 1819 1498 1841 n.
1514 1819 1584 1841 102.

1050 1853 1216 1885 cautionis
1245 1852 1408 1883 vinculum
1437 1852 1536 1884 deleri
1562 1855 1662 1893 potest
1680 1853 1847 1885 accedente
1860 1861 1937 1883 con-

1134 1895 1222 1928 sensu
1239 1897 1380 1929 Partium
1394 1922 1401 1934 ‚
1418 1898 1466 1928 vel
1481 1897 1686 1933 Resjudicata
1698 1908 1806 1934 n.¹z4.
1821 1899 1847 1928 δι
1865 1906 1937 1935 ¹35·

1051 1940 1170 1973 Cautio
1182 1941 1314 1980 praestari
1331 1941 1425 1971 debet
1441 1951 1494 1980 per
1520 1942 1670 1972 idoneum
1687 1942 1782 1973 Urbis
1797 1942 1934 1971 Banche-

1140 1984 1221 2014 rium
1238 1984 1288 2015 seu
1304 1985 1510 2015 Mercatorem
1528 1995 1590 2025 cap.
1607 1990 1636 2018 6.
1663 1995 1692 2016 n.
1709 1998 1759 2023 29.

1050 2028 1168 2060 Cautio
1192 2028 1282 2069 super
1299 2028 1387 2060 Locis
1402 2029 1558 2060 Montium
1583 2031 1625 2060 est
1648 2031 1746 2071 magis
1774 2035 1842 2059 tuta
1867 2036 1935 2067 cap»

1139 2085 1188 2114 23.
1216 2082 1245 2103 n.
1263 2083 1332 2108 142.

1050 2116 1165 2150 Cautio
1189 2118 1214 2147 ἃ
1230 2116 1398 2157 Obligatio
1426 2117 1501 2147 faeta
1517 2123 1590 2147 ante
1606 2117 1834 2157 appositionem
1863 2115 1936 2145 vin-

1135 2159 1199 2190 culi
1216 2167 1224 2188 :
1240 2162 1280 2190 ob
1294 2170 1356 2189 non
1371 2159 1618 2191 exhibitionem:
1633 2161 1737 2193 salvat
1751 2160 1932 2192 Montistam

1132 2214 1149 2234 a
1173 2204 1319 2242 praedielo
1333 2202 1465 2235 vinculo
1477 2214 1542 2244 cap.
1562 2217 1611 2244 25.
1638 2215 1667 2236 n.
1684 2209 1733 2243 38.

1048 2247 1219 2280 Cantionis
1241 2248 1403 2278 vinculum
1431 2248 1560 2288 quando
1584 2248 1683 2280 deleri
1697 2248 1786 2289 possit
1801 2256 1865 2288 cap.
1878 2249 1931 2278 26.

1137 2301 1166 2322 n.
1185 2293 1294 2322 tan&
1314 2301 1384 2329 130.

1049 2335 1201 2367 Cautioni
1217 2335 1254 2364 de
1270 2334 1449 2365 reducendo
1466 2334 1494 2364 in
1513 2335 1675 2374 pristinum
1691 2344 1751 2364 non
1768 2331 1931 2373 suppletur

1135 2390 1191 2417 per
1204 2379 1400 2408 acceslionem
1415 2378 1541 2409 Notarii
1565 2378 1743 2409 solidaliter
1757 2387 1829 2407 cum
1843 2378 1930 2408 Mon-

1135 2423 1205 2452 tista
1228 2422 1361 2461 obligati
1388 2431 1453 2459 cap.
1473 2433 1521 2454 ¹4.
1546 2433 1639 2464 n.53.

1049 2465 1171 2497 Cedula
1188 2465 1334 2495 Bancaria
1350 2465 1521 2505 requiritur
1536 2466 1565 2496 in
1583 2466 1750 2498 Ereffione
1766 2464 1930 2496 Montium

1134 2508 1341 2540 Baronalium
1357 2520 1419 2539 non
1438 2511 1577 2540 obstante
1593 2509 1814 2549 subrogatione
1829 2508 1932 2539 Bono-

1134 2564 1201 2583 rum
1227 2553 1381 2584 stabilium
1408 2563 1464 2593 pro
1487 2552 1638 2583 securiori
1664 2551 1822 2583 solutione
1849 2553 1931 2582 Fru-

1135 2598 1240 2626 Quum
1256 2597 1411 2628 Locorum
1427 2597 1585 2628 Montium
1617 2596 1839 2637 erigendorum
1863 2604 1928 2635 cap.

1135 2652 1162 2676 4.
1186 2650 1245 2679 n.3
1275 2664 1282 2672 .

1046 2682 1169 2714 Cedula
1182 2653 1327 2715 Banc3aria
1347 2686 1440 2715 durat
1457 2694 1512 2724 per
1527 2682 1695 2714 Biennium
1708 2692 1828 2723 cap.25.
1841 2690 1927 2719 ¹¹·19·

1046 2727 1167 2758 cedula
1182 2730 1349 2758 Sententiae
1362 2728 1452 2764 super
1467 2728 1705 2767 consignatione
1720 2727 1929 2759 pecuniarum

1133 2773 1317 2812 provenien.
1341 2782 1356 2801 a
1381 2771 1632 2803 Fideicommiss'o
1655 2781 1721 2813 cap.
1748 2775 1797 2803 18.
1820 2781 1851 2800 n.
1874 2781 1926 2807 24.

1138 2816 1405 2847 Vid.Sententia.

1044 2858 1166 2892 Census
1184 2859 1302 2890 dicitur
1317 2870 1332 2890 a
1348 2857 1501 2891 censendo
1518 2864 1577 2889 hoc
1600 2862 1641 2891 est
1655 2857 1834 2890 aestimando
1859 2865 1926 2897 cap.

1139 2909 1187 2935 16.
1212 2914 1240 2934 n.
1280 2915 1307 2942 3.

1091 2949 1207 2989 Vigore
1223 2917 1319 2978 Blillae
1337 2949 1436 2979 Pianae
1450 2947 1570 2988 imponi
1585 2946 1677 2976 debet
1690 2945 1779 2985 super
1796 2943 1927 2977 Stabili-

1135 2995 1195 3024 bus
1219 2992 1334 3023 ibidem
1360 3002 1388 3023 n.
1408 2996 1459 3031 36.

1090 3037 1133 3066 Et
1157 3037 1196 3065 fic
1219 3036 1309 3075 super
1333 3037 1426 3067 Lotis
1441 3034 1624 3070 Montium,
1647 3043 1714 3074 quae
1739 3038 1923 3073 reputantur

1136 3080 1268 3111 stabilia
1293 3080 1409 3109 ibidem
1434 3089 1452 3108 n
1481 3089 1531 3117 37.

1087 3121 1140 3154 Ex
1152 3132 1238 3166 parte
1255 3124 1423 3165 Emptoris
1436 3123 1660 3162 estperpetuus
1687 3131 1717 3154 n.
1732 3124 1781 3161 38.

1496 3167 1528 3203 Y
1778 3163 1874 3199 Cen-
