2300 3547
459 208 552 257 128

476 277 594 321 jacent
608 301 620 318 ,
645 276 840 316 sortiantur
857 279 1022 320 essedum
1038 285 1072 319 &
1088 293 1263 330 quatenus

377 329 446 362 128
475 336 657 366 annuant,
671 330 730 364 vel
747 333 967 378 regulariter
984 336 1170 381 excipiunt
1184 345 1263 369 cor-

471 389 560 422 pora
574 380 835 426 principaliora
850 407 861 422 ‚
875 383 910 417 &
925 385 1079 420 meliora
1098 384 1158 419 vel
1174 384 1262 430 adji-

471 430 555 462 cere
567 428 682 464 solent
696 431 944 467 conditionem
963 436 1262 482 reintegrationis

470 477 730 515 fideicommissi
743 493 813 515 cum
826 484 1010 528 multiplico
1024 486 1262 530 imposterum

468 528 679 573 peragendo
692 555 704 570 ‚
729 530 764 565 &c
788 532 883 577 quod
898 534 1079 580 quousque
1095 547 1169 571 non
1184 537 1260 571 fue-

471 579 518 611 rit
529 577 674 622 sequura
687 579 889 624 hujusmodi
904 583 1262 631 redintegratio‚Hae-

472 638 527 662 res
539 638 707 673 gravatus
722 631 924 677 Multiplici
935 633 1109 671 frustibus
1122 638 1173 671 uti
1187 649 1258 672 non

366 679 443 721 '129

467 727 527 760 vel
542 726 560 760 Ta
579 728 744 775 Principe
760 730 926 767 ordinato
942 736 979 768 in
994 734 1144 772 Casibus
1158 736 1259 773 desu-

466 788 533 821 per
559 778 737 823 expraeffis
751 785 936 826 completo
952 808 963 821 ‚
989 785 1040 821 fas
1063 788 1110 821 est
1138 787 1256 827 Judici

467 826 652 862 ordinario
668 828 783 865 deleri
799 844 815 866 a
833 830 936 868 Locis
953 835 1142 871 Montium
1160 837 1254 873 Vin-

466 877 591 912 culum
607 903 619 919 ,
644 880 678 913 &
694 891 782 916 onus
812 883 997 919 ulterioris
1024 887 1253 933 Multiplici,

470 930 661 971 quominus
677 941 883 967 recurratur
898 934 939 969 ad
958 933 1164 982 Principem
1178 964 1189 980 ,
1211 949 1253 974 eo

466 979 546 1022 quia
564 977 633 1021 jam
645 980 1024 1020 voluntatiTestatoris
1040 987 1138 1033 aeque
1151 1001 1188 1024 ac
1201 990 1252 1025 le-

464 1029 545 1073 gis,
572 1037 678 1074 atque
693 1031 891 1067 intentioni
919 1035 1096 1079 Principis
1120 1039 1252 1074 satisfa-

462 1076 559 1111 ctum
576 1090 749 1124 apparet,
777 1083 810 1115 &
825 1083 962 1118 cassatio
989 1085 1072 1120 dieti
1102 1087 1252 1125 Vinculi

469 1128 673 1172 Multiplici
684 1142 878 1166 annotatur
893 1135 931 1167 in
944 1133 1046 1170 dorso
1059 1137 1251 1176 literarum

465 1176 669 1215 Patentium
688 1182 723 1214 in
741 1181 866 1227 quibus
888 1195 1082 1220 annotatur
1107 1201 1250 1236 quoque

460 1227 637 1272 suspensio
665 1230 867 1276 Multiplici
883 1236 1021 1280 quoties
1036 1235 1055 1269 ὶι
1082 1237 1250 1286 Principe

462 1276 701 1314 demandetur
715 1306 725 1314 .

461 1326 676 1363 Terminato
684 1333 1247 1382 propemodtthultiplicoLoco-

459 1388 542 1411 rum
572 1380 757 1416 Montium
774 1383 960 1431 subrogari
978 1389 1090 1431 potest
1105 1389 1147 1423 ab
1163 1392 1246 1426 Hae-

460 1426 545 1461 rede
555 1440 706 1475 gravato
716 1432 855 1468 Fundus
870 1436 1039 1480 proprius
1051 1438 1245 1478 &idoneus

457 1476 500 1510 ad
518 1477 586 1513 hoc
610 1489 644 1513 ut
673 1493 757 1517 mox
785 1482 896 1518 dietus
925 1486 1051 1522 Haeres
1080 1501 1245 1536 gravatus

454 1530 649 1573 percipere
664 1532 814 1567 interim
832 1535 951 1570 valeat
966 1536 1100 1573 frustus
1117 1543 1244 1576 multi-

452 1576 543 1621 plici
560 1581 763 1625 expiraturi
779 1610 790 1624 ‚
814 1583 1011 1620 dummodo
1027 1599 1148 1625 tamen
1162 1594 1242 1627 nul-

452 1626 489 1660 la
504 1627 604 1663 cadat
622 1629 799 1667 haesitatio
814 1635 922 1680 super
938 1638 1058 1673 valore
1073 1665 1084 1680 ,
1112 1642 1146 1675 &
1163 1642 1242 1678 red-

452 1674 584 1713 ditibus
602 1679 715 1716 Fundi
731 1682 967 1732 subrogandi,
983 1689 1016 1722 &
1033 1689 1127 1736 quod
1145 1705 1249 1733 vere,

453 1726 488 1759 8<
505 1739 576 1762 non
607 1730 685 1765 fiete
714 1733 970 1781 Multiplicum
998 1750 1042 1773 ex
1072 1741 1244 1780 fructibus

452 1777 568 1812 Fundi
586 1780 748 1825 praedicti
772 1783 841 1820 dici
868 1789 985 1823 valeat
1010 1793 1241 1837 completum

450 1828 492 1862 ad
508 1829 645 1865 sensum
664 1830 810 1869 Cons‘i‘an.
821 1835 903 1881 dist.
920 1841 1004 1872 unic.
1022 1842 1059 1874 de
1075 1843 1238 1882 LataMon,

452 1886 519 1912 art.
537 1889 569 1913 2.
585 1893 615 1913 n.
630 1892 718 1927 347.
732 1908 743 1924 ,
769 1898 828 1930 qui
845 1889 989 1923 testatur
1013 1892 1059 1925 ita
1079 1894 1241 1934 iudicasse

447 1928 484 1961 in
500 1929 652 1973 quoiam
667 1934 963 1975 fideicommiffii,
976 1941 1009 1974 &
1023 1943 1238 1988 Multiplico

449 1979 614 2014 ordinato
630 1993 696 2026 per
711 1983 771 2020 Gi.
792 1999 899 2022 mem.
916 1988 1026 2026 Gai-d.
1055 1992 1236 2031 Gai-olum

351 2036 419 2073 133
450 2027 602 2063 Bonello
627 2055 638 2068 ,
674 2034 788 2070 citatis
818 2048 937 2074 tamen
968 2040 1234 2082 Executoribus

446 2078 740 2119 Testamentariis
757 2088 968 2130 praelaudati
997 2090 1205 2131 Catrdinalis
1220 2125 1230 2133 .

348 2135 422 2172 134
450 2129 584 2164 Firnnr
615 2144 755 2178 quoque
785 2137 943 2174 laudatus
964 2139 1084 2178 Amastor
1099 2169 1108 2183 ‚
1140 2148 1234 2190 quod

446 2183 738 2229 quotieicumque
752 2188 785 2220 in
808 2187 907 2225 Locis
926 2191 1110 2228 Montium
1129 2208 1232 2241 repe-

444 2230 540 2263 ritur
559 2230 759 2269 Vinculum
776 2238 924 2283 alicujus
937 2241 1125 2278 Cautiouis
1142 2258 1233 2290 prae-

441 2278 572 2314 standae
587 2294 653 2327 pro
667 2285 845 2322 solutione
861 2289 1040 2325 frustuum
1057 2293 1202 2331 Cambii
1220 2323 1232 2338 ,

440 2327 576 2365 Census
590 2357 602 2373 ‚
629 2344 688 2368 aut
720 2336 898 2374 <oderatis
927 2339 1041 2375 Officii
1056 2344 1155 2387 juxta
1176 2347 1231 2381 de-

439 2379 500 2422 cg'ss
511 2393 595 2427 494.
608 2395 672 2417 cor.
689 2384 850 2422 Remhosd.
868 2388 966 2434 potiit
983 2391 1100 2430 Judex
1120 2394 1228 2431 deve-

439 2431 520 2462 nire
533 2431 575 2466 ad
587 2431 809 2472 deletionem
828 2437 991 2478 Vinculi3
1004 2444 1227 2483 accendente

440 2487 563 2515 tamen
577 2481 735 2519 Partium
747 2489 914 2526 consensu
929 2492 986 2524 vel
997 2492 1173 2531 sententia
1187 2499 1225 2533 in

436 2526 632 2572 judicatum
649 2536 827 2580 prolapsa,
843 2540 901 2573 vel
916 2544 1054 2586 quoties
1071 2543 1222 2586 Census,

338 2585 408 2623 135
437 2577 654 2620 cambium,
682 2586 739 2619 vel
757 2588 914 2624 Societas
939 2589 1056 2626 Officii
1072 2597 1221 2632 cessave-

435 2630 508 2662 rint
527 2644 588 2675 per
605 2634 862 2672 extincstionem
882 2663 890 2674 ‚
919 2642 977 2674 vel
1006 2642 1218 2682 Creditores

434 2681 997 2726 consentiantdeletioniVinculi
1010 2705 1078 2738 pro
1089 2707 1218 2734 eorum

430 2728 620 2766 securitate
635 2736 810 2779 appositi.

330 2778 408 2830 135
434 2778 469 2812 Si
488 2792 574 2815 vero
590 2784 776 2822 vinculum
796 2788 899 2824 afficit
928 2791 1074 2829 Fructus
1105 2794 1218 2832 Loco-

429 2839 512 2863 rum
542 2832 726 2871 Montium
746 2839 940 2875 reservatos
969 2844 1028 2877 vel
1057 2845 1191 2882 Tutori
1204 2875 1218 2891 ,

427 2879 485 2912 vei
501 2879 674 2918 Curatori
689 2885 842 2922 durante
858 2892 1057 2935 pupillari,
1071 2897 1130 2930 vel
1148 2903 1216 2933 mi-

426 2930 700 2970 noriaetate‚vel
720 2937 869 2972 Mulieri
885 2939 1036 2978 durante
1053 2945 1217 2983 Viduita-

426 2987 461 3011 te
478 3004 488 3018 ‚
516 2982 574 3015 vel
592 2985 770 3031 quousque
788 2990 863 3034 quis
880 2990 996 3026 laurea
1028 2994 1214 3034 Doflorali

423 3027 636 3073 decoretur,
666 3036 724 3069 vel
743 3038 888 3073 tandem
905 3043 979 3076 vita
993 3044 1141 3088 alicujus
1157 3061 1214 3084 na-

422 3079 530 3112 turali
547 3081 698 3120 durante
714 3087 750 3120 in
766 3087 913 3124 Casibus
940 3092 1116 3137 praedietis
1138 3109 1209 3133 ter-

421 3130 557 3164 minata
576 3136 685 3169 tutela
702 3161 712 3176 ,
726 3149 785 3172 aut
801 3137 900 3175 Cura
919 3167 927 3180 ,
942 3142 1071 3190 adepto
1086 3146 1208 3183 (106ὶο-

422 3187 503 3213 ratu
516 3203 530 3221 ‚
547 3181 708 3220 Muliere
721 3189 876 3226 secundo
893 3190 986 3229 Viro
1000 3207 1135 3245 nupta,
1148 3198 1209 3236 de-

364 936 440 971 *130

370 1137 434 1171 ¹3¹

361 1337 432 1372 132

471 677 608 713 valeat.·
641 680 856 727 Multiplico
887 693 1008 719 tamen
1036 686 1055 718 ὲ
1073 687 1278 737 Testatore,

742 207 984 268 CAPUT
1012 209 1440 273 VIGESIMHM
1470 212 1834 274 TERTIUM.

1414 286 1539 322 functo
1556 283 1844 328 Usutru&uar'io‚
1857 285 1914 321 vel
1929 286 2028 323 usum
2042 288 2205 326 fructum

1412 338 1648 372 renunciante
1664 336 1769 382 juxta
1795 338 1953 372 Casuum
1981 338 2205 387 Contingen„

1410 388 1477 423 tias
1491 388 1593 422 locus
1607 389 1677 422 erit
1693 386 1977 423 d.Vinculorum
1989 389 2180 425 Deletioni
2191 414 2201 423 .

1315 447 1387 486 137
1413 437 1481 472 Sed
1496 436 1519 471 {i
1534 448 1660 484 agatur
1677 437 1720 472 de
1738 436 1899 473 Vinculo
1927 438 2127 474 Evifflonis
2141 451 2202 484 ap-

1410 485 1528 535 posito
1542 488 1648 533 super
1662 488 1766 523 Locis
1780 488 1967 523 Montium
1984 513 1997 528 ,
2013 490 2072 523 vel
2087 501 2131 525 ex
2147 489 2199 523 le-

1411 548 1456 585 ge
1476 536 1690 573 Contractus
1705 539 1765 572 vel
1779 538 1825 572 ob
1840 539 2137 583 provenientiam
2152 552 2199 575 ex

1411 588 1532 633 pretio
1544 585 1722 623 bonorum
1733 587 2006 623 &evinculum
2019 589 2200 633 hujusmo.

1411 635 1447 672 di
1459 639 1572 673 deleri
1588 640 1711 684 nequit
1729 649 1791 682 per
1807 637 1947 677 Judices
1964 638 2201 674 stneConsen-

1410 688 1615 723 suillorum
1632 712 1641 726 ‚
1668 699 1825 734 quorum
1840 690 1965 723 favore
1993 689 2197 735 appositum

1407 738 1500 779 fuit;
1527 751 1592 775 nec
1608 738 1768 775 Auditor
1782 737 1917 785 SSffii(
1934 747 1970 773 zet
1983 743 2197 785 experientia

1311 798 1381 837 137
1407 798 1604 835 compertum
1619 790 1667 823 essi*
1681 791 1700 835 >
1713 787 1851 824 dietum
1871 787 2050 824 Viculum
2064 790 2120 825 sua
2135 802 2197 824 au-

1407 838 1572 875 &oritate
1590 839 1718 875 tollere
1746 838 1955 874 consuevit.
1981 838 2127 880 Verum
2143 850 2194 875 ta-

1309 890 1378 936 138
1407 901 1491 924 men
1519 892 1567 925 est
1579 915 1592 932 ‚
1618 890 1713 938 quod
1741 898 1917 924 renuente
1944 889 2192 925 Eviehonario

1402 941 1571 985 praestare
1586 941 1719 976 dictum
1735 939 1944 976 consensum
1960 939 2105 986 supplet
2133 940 2193 979 Ju—

1402 989 1472 1025 dex
1486 1004 1525 1025 ex
1534 990 1742 1034 Officio,duni
1749 990 1857 1025 modo
1869 1000 1989 1025 tamen
1999 991 2191 1037 subrogen-

1402 1049 1464 1075 tur
1475 1039 1570 1076 Bona
1585 1042 1767 1081 stabi'lia,&
1779 1041 1894 1075 libera
1911 1045 1988 1076 vice
2005 1041 2190 1076 Locorum

1401 1092 1593 1127 Montium
1615 1090 1913 1131 evifflonalium,
1941 1092 2114 1126 transfusa
2143 1090 2190 1124 E-

1306 1150 1379 1188 ¹39
1405 1141 1561 1178 vitffione
1574 1143 1678 1189 super
1694 1140 1793 1176 dietis
1808 1140 1988 1176 stabilibus
2005 1142 2065 1175 vel
2080 1141 2188 1186 super

1401 1194 1477 1228 aliis
1491 1191 1595 1228 Bonis
1606 1194 1725 1237 pretio
1740 1190 1920 1227 Locorum
1933 1191 2121 1225 Montium
2134 1203 2191 1225 re-

1405 1242 1662 1291 fignandorum
1680 1241 1906 1288 acquirendis
1920 1267 1929 1276 .
2159 1293 2164 1299 .

1453 1292 1531 1327 Nec
1548 1303 1662 1327 mutat
1680 1319 1692 1334 ‚
1717 1293 1810 1339 quod
1828 1290 2029 1326 Vinculum
2048 1291 2194 1327 Evino-

1403 1344 1457 1376 nis
1474 1341 1515 1376 stt
1531 1345 1718 1389 antiquum
1736 1344 1847 1377 etiam
1864 1343 1956 1376 ultra
1974 1352 2033 1384 40.
2051 1354 2162 1376 annos
2176 1367 2189 1383 ,

1302 1401 1372 1437 140
1401 1394 1482 1438 quia
1496 1392 1790 1428 aetioEviffionis
1806 1393 1853 1426 est
1869 1401 2043 1438 perpetua
2057 1393 2089 1425 &
2101 1393 2187 1427 sem.

1399 1454 1466 1487 per
1482 1443 1732 1492 contingibilis
1760 1456 1805 1478 ex
1822 1444 1953 1476 notatis
1971 1453 2033 1486 per
2051 1442 2188 1498 Feiizoiz-

1396 1493 1440 1526 ad
1452 1492 1536 1528 Stat.
1552 1493 1627 1529 Urb.
1643 1504 1724 1540 157.
1740 1507 1770 1527 n.
1787 1502 1821 1535 5.
1837 1517 1848 1533 ‚
1862 1494 2082 1538 proindeque
2100 1501 2186 1526 itcut

1299 1552 1364 1587 141
1395 1541 1551 1589 Emptor
1565 1545 1706 1589 semper
1722 1545 1844 1578 vereri
1873 1544 1989 1588 potest
2011 1546 2053 1577 de
2070 1543 2186 1596 mole-

1395 1594 1482 1631 stiis,
1519 1595 1643 1640 easque
1661 1597 1735 1639 pati
1752 1596 1787 1628 in
1806 1605 1842 1627 re
1857 1604 1981 1638 empta
1997 1617 2009 1634 ‚
2035 1594 2085 1627 ita
2100 1600 2184 1639 iup-

1402 1645 1498 1689 pleri
1515 1647 1636 1691 nequit
1653 1644 1835 1679 consensu
1852 1669 1865 1684 ,
1891 1640 2085 1689 nequidem
2114 1655 2187 1688 per

1397 1694 1688 1742 subrogationem
1717 1694 1905 1730 Cautionis
1920 1718 1932 1732 ‚
1958 1703 2017 1728 aut
2034 1693 2185 1729 alterius

1396 1744 1573 1788 Corporis
1592 1744 1766 1781 stabilium
1782 1755 1859 1791 quae
1874 1756 1947 1780 non
1971 1744 2051 1778 sunt
2068 1754 2185 1790 aequa-

1300 1803 1368 1839 142
1396 1794 1439 1829 lis
1454 1795 1652 1832 securitatis
1667 1822 1677 1836 ‚
1704 1806 1814 1840 prout
1840 1796 1886 1830 est
1902 1795 1964 1829 illa
1994 1793 2180 1847 Locorum

1394 1843 1577 1882 Montium
1589 1871 1600 1885 ,
1631 1858 1715 1881 nam
1740 1846 1831 1881 bona
1857 1844 2076 1890 subroganda
2105 1846 2183 1890 pos-

1392 1894 1474 1931 sunt
1490 1898 1555 1932 effe
1581 1896 1731 1940 subjetsta
1758 1896 1998 1932 anterioribus
2023 1895 2182 1942 hypote-

1392 1947 1440 1979 cis
1457 1973 1468 1988 ,
1482 1949 1514 1981 &
1530 1947 1724 1990 Fideiussor
1741 1948 1856 1992 potest
1872 1947 2025 1982 deficere
2036 1970 2048 1986 ,
2063 1944 2181 1991 sicque

1392 1995 1498 2031 satius
1524 2000 1570 2032 est
1598 1997 1808 2033 incumbere
1839 1997 1942 2032 Locis
1969 1995 2181 2034 Montium,

1392 2057 1496 2092 quam
1525 2047 1641 2084 action
1679 2058 1804 2083 contra
1833 2046 2110 2103 Fidejufforem3
2138 2055 2179 2080 ut

1388 2101 1585 2143 perpendit
1614 2098 1686 2134 Rot.
1702 2099 1800 2144 decis:
1815 2110 1894 2142 193.
1920 2111 1951 2132 n.
1972 2108 2004 2141 3.
2019 2096 2058 2130 (9³
2077 2099 2175 2151 seqq.

1385 2159 1449 2181 cor.
1466 2149 1680 2190 Mazzaned.,
1706 2148 1761 2183 led
1783 2148 1974 2183 accedente
2002 2153 2176 2181 contentu

1385 2198 1535 2233 illorum
1550 2225 1562 2240 ‚
1592 2210 1746 2244 quorum
1762 2200 1909 2233 interest
1925 2225 1933 2237 ,
1961 2198 1995 2231 8<
2011 2209 2078 2242 pro
2095 2198 2174 2242 qui-

1383 2246 1448 2281 bus
1464 2249 1526 2282 stat
1542 2248 1681 2282 Evitstio
1696 2273 1708 2289 ,
1735 2247 1942 2283 admittitur
1965 2248 2002 2280 de
2017 2247 2102 2292 Stylo
2117 2247 2173 2281 Se-

1287 2307 1354 2345 143
1386 2301 1540 2333 cretariae
1555 2298 1768 2345 Subrogatio
1781 2298 1926 2333 alterius
1941 2297 2072 2339 fundi,
2099 2309 2173 2331 me-

1383 2348 1503 2383 diante
1520 2359 1642 2384 tamen
1655 2351 1803 2382 mandato
1814 2349 1858 2384 Ju
1872 2351 1947 2382 *icis
1963 2358 2173 2394 competen-

1382 2399 1744 2445 tis,quemadmodum
1762 2399 1888 2434 Mense
1901 2398 2094 2433 Februario
2109 2411 2168 2433 an-

1378 2449 1417 2482 ni
1439 2451 1532 2495 1760
1553 2448 1974 2496 vigoreMandatiCuriae
1988 2448 2169 2494 Capitoli-

1378 2509 1435 2532 nae
1451 2500 1591 2534 admiffit
1607 2502 1675 2535 fuit
1696 2498 1902 2546 Refignatio
1918 2498 2074 2533 duorum
2090 2498 2165 2551 Lo-

1372 2560 1499 2584 corum
1515 2551 1651 2586 Montis
1662 2549 1796 2585 §.Petri
1808 2553 1849 2584 ad
1867 2550 2073 2585 instantiam
2090 2549 2168 2583 No-

1373 2603 1455 2633 tarii
1471 2599 1514 2635 de
1529 2599 1660 2635 Sanetis
1678 2611 1748 2634 non
1766 2600 1925 2635 obstante
1939 2600 2060 2634 viculo
2079 2599 2167 2634 hvi-

1371 2648 1495 2684 ‹ftionis
1511 2651 1635 2686 favore
1652 2650 1936 2697 Archiospitalis
1952 2650 1988 2684 S.
2004 2650 2166 2696 Spiritus

1372 2700 1548 2735 transfuso
1563 2702 1668 2747 super
1683 2700 1800 2735 officio
1814 2727 1824 2736 .

1274 2759 1345 2795 144
1375 2750 1639 2796 Inquirendum
1653 2761 1775 2786 tamen
1790 2753 1837 2786 est
1850 2751 1955 2796 super
1972 2748 2160 2796 probatio-

1369 2800 1475 2835 nibus
1502 2803 1537 2834 in
1564 2800 1711 2836 omnihus
1733 2802 1907 2847 praedt'His
1942 2799 2074 2843 Casibus
2089 2825 2101 2841 ‚
2127 2800 2162 2833 &

1368 2850 1554 2896 speciatim
1583 2851 1606 2886 fi
1623 2851 1738 2888 deleri
1766 2851 2016 2897 praetendatur
2038 2852 2162 2885 vincu-

1367 2901 1448 2936 lum
1464 2900 1660 2937 Evie'tionis
1680 2914 1743 2948 per
1759 2904 1968 2938 consensum
1985 2902 2133 2937 illorum
2149 2925 2163 2942 ,

1366 2961 1522 2997 quorum
1540 2954 1673 2986 intuitu
1690 2951 1897 2998 appositum
1911 2952 2162 3006 comperitur-³

1366 2999 1473 3036 debet
1488 3003 1586 3037 enim
1602 3001 1646 3037 de
1665 3002 1867 3047 hujusmodi
1884 3003 2053 3040 consensu
2067 3001 2160 3047 legi—

1363 3052 1457 3085 time
1472 3054 1647 3094 constare,
1662 3053 1696 3087 &
1711 3065 1840 3100 quaten
1850 3068 1884 3090 us
1903 3053 2058 3101 praestari
2074 3063 2160 3085 con-

1363 3102 1481 3148 tingat
1497 3104 1540 3138 ab
1557 3102 1713 3138 Haerede
1726 3130 1736 3143 ,
1753 3106 1890 3141 ostendi
1905 3105 2011 3140 debet
2027 3126 2038 3142 2
2065 3100 2159 3147 quod

1360 3153 1421 3197 qui
1437 3155 1577 3198 praestat
1592 3152 1819 3193 Consensum
1834 3179 1846 3197 ,
1872 3157 1913 3191 fit
1931 3167 2017 3191 vere
2032 3152 2065 3186 8<
2082 3164 2158 3185 rea-

1362 3202 1450 3238 liter
1472 3203 1599 3241 Haeres
1613 3231 1625 3241 .
2036 3252 2062 3288 P

2066 3267 2108 3291 er
