2300 3547
386 232 480 296 138
551 226 862 284 CAPVT
906 223 1464 282 VIGESIMVM
1499 222 1986 298 QVINTVM.

367 311 393 348 7
422 297 549 334 redum
577 308 651 334 tam
681 309 726 332 ex
755 297 1018 336 Testamenm,
1042 308 1149 344 quam
1175 296 1219 331 ab
1265 334 1268 337 ,

420 349 592 384 Inteflato
607 350 839 384 venientium
854 348 898 383 ad
913 358 1038 382 notata
1062 359 1129 392 per
1145 347 1217 383 Rot.

413 399 514 444 decffi
527 408 613 445 457.
628 413 660 433 n.
676 411 731 441 19.
743 411 808 433 cor.
822 398 929 432 Priolo
942 408 1054 442 prout
1070 409 1212 444 quoque

411 450 531 486 facilis
547 447 662 484 Studii
687 451 734 484 est
749 447 841 483 illud
857 447 1071 483 Mandatum
1089 448 1213 482 decer-

409 511 501 535 nens
531 498 756 534 deletionem
787 496 940 533 Vinculi
967 498 1214 545 Exequutz'onis

411 549 511 586 102&ae
529 549 638 594 super
656 549 762 584 Locis
777 549 966 584 Montium
980 574 990 582 .

363 599 386 634 8
416 601 542 636 Tenor
561 599 728 634 Mandati
755 610 823 644 pro
851 597 1035 634 deletione
1059 595 1214 632 Vinculi

410 650 592 686 Clausulae
625 650 788 683 dummodo
828 650 878 683 ita
913 649 946 684 se
971 646 1081 683 habet
1105 671 1129 686 ,‚
1155 646 1215 681 De

409 724 434 740 ³,
461 698 638 735 Mandato
654 698 757 733 N.N.
769 700 804 733 δέ
823 699 866 734 ad
882 699 1089 735 Instantiam
1107 697 1208 732 Ν.Ν.

410 773 435 793 ,,
462 752 498 784 in
515 748 614 794 cujus
626 749 781 785 Credito
795 758 941 785 cantant
956 750 990 784 &
1004 756 1130 782 extant
1143 747 1211 782 Lo-

405 824 433 839 „
458 812 497 834 ca
507 800 684 834 ...Montis
747 798 896 845 subjecta
912 798 1091 835 Clausulae
1106 796 1209 832 dum-

406 873 432 891 „
462 849 570 884 modo
586 852 622 884 in
638 848 849 885 haereditate
877 850 961 885 bon.
980 860 1089 884 mem.
1105 847 1208 883 N.N.

405 924 432 940 a,
460 898 614 946 appofit.
629 899 688 934 die
704 927 712 935 .
724 925 750 934 ..
765 901 850 935 anni
865 926 873 935 .
888 926 898 936 .
911 927 921 935 .
935 897 979 935 ad
993 899 1150 934 formam
1165 898 1210 932 li-

404 974 431 993 „
457 960 619 984 terarum
637 950 845 986 Patentium
873 951 1049 998 registrat.
1075 948 1139 983 lib.
1154 974 1184 983 ..
1198 974 1209 983 .

406 1024 433 1039 2,
459 1001 527 1035 fol.
542 1024 551 1033 .
567 1025 576 1034 .
590 1026 599 1034 .
616 997 702 1034 Ideo
726 1011 854 1036 tenore
882 1001 1116 1046 praesentium
1144 999 1210 1034 &c.

408 1073 434 1089 ³,
462 1049 661 1085 Mandatur
678 1049 792 1086 Illr'fio
816 1050 865 1085 D.
878 1051 1085 1087 Secretariae
1101 1049 1211 1084 Mon-

405 1126 431 1143 „
457 1102 554 1135 tium
573 1099 877 1136 Administratori
905 1101 1107 1141 Generali,
1136 1109 1171 1133 ut
1198 1098 1217 1133 'a

404 1176 430 1192 2,
456 1149 520 1185 dd.
539 1150 645 1186 Locis
673 1151 877 1186 Vinculum
905 1151 1084 1186 Clausulae
1112 1148 1218 1184 dum-

409 1226 435 1243 „
461 1200 571 1236 modo
600 1202 635 1235 in
668 1202 882 1237 haereditate
910 1203 1047 1237 &c....
1075 1199 1177 1236 caffet
1201 1225 1213 1241 ‚

407 1277 434 1292 2,
461 1252 577 1286 deleat
594 1276 606 1291 ,
633 1252 665 1285 8<
681 1252 821 1287 aboleat
836 1276 847 1290 ³
875 1252 1009 1298 illaque
1034 1251 1076 1285 ab
1092 1250 1212 1294 hujul-

406 1324 432 1340 a,
461 1300 854 1337 modiVinculolibera
869 1301 990 1338 reddat
1012 1327 1024 1342 ,
1048 1301 1089 1336 ad
1103 1312 1211 1347 quem

406 1377 432 1394 2,
459 1349 623 1387 effectum
643 1355 765 1387 omnia
780 1353 933 1399 desuper
952 1352 1140 1387 necessaria
1167 1349 1210 1385 de

404 1427 431 1444 2,
458 1413 563 1437 more
593 1404 699 1437 iaciat
721 1429 732 1444 ,
754 1405 788 1439 δέ
816 1405 893 1437 fieri
911 1402 1053 1437 mandet
1070 1429 1079 1436 .
1106 1401 1206 1448 Quo-

403 1475 430 1494 ‚‚
457 1457 555 1487 niam
574 1453 746 1487 stantibus
776 1454 887 1488 literis
904 1452 1109 1487 Patentibus
1135 1453 1206 1485 ori-

404 1526 430 1544 „
456 1502 639 1549 ginalibus
669 1505 704 1537 in
732 1503 813 1551 actis
837 1503 1032 1540 exhibitis,
1057 1502 1205 1547 &lapsu

352 1564 381 1598 9
405 1578 431 1595 ο,
457 1553 603 1588 Biennii
633 1553 652 1587 a
680 1553 736 1587 die
752 1552 1019 1588 Translationis
1042 1552 1140 1586 fa&ae
1157 1551 1206 1585 ll-

401 1629 428 1645 „
453 1602 552 1638 lmus
570 1603 669 1638 D.ita
687 1603 867 1640 mandavit
887 1604 950 1639 hac
966 1602 1025 1638 die
1090 1602 1207 1638 Anni.

501 1655 541 1688 N
554 1655 597 1687 N.
613 1655 722 1690 Iudex
737 1680 745 1688 .

504 1706 547 1739 N.
564 1704 603 1738 N.
624 1706 780 1738 Notarius
798 1731 807 1739 .

329 1761 377 1787 10
403 1753 572 1800 Sequitur
594 1754 803 1801 Exequatur
826 1753 873 1789 R.
888 1753 928 1789 P.
944 1755 991 1790 D.
1006 1753 1206 1788 Thesaura-

405 1807 447 1839 rii
465 1817 530 1851 per
548 1803 618 1839 aeta
639 1804 802 1849 Alicujus
827 1818 875 1840 ex
889 1805 1098 1841 Secretariis
1114 1802 1207 1839 Rev.

403 1856 572 1891 Camerae
590 1855 810 1901 Apostolicae
827 1883 836 1891 .

325 1915 348 1940 a
360 1915 373 1938 1
405 1907 575 1942 formula
606 1918 696 1941 vero
723 1907 889 1942 Mandati
929 1905 973 1942 de
1001 1904 1203 1942 revocando

400 1955 670 1993 Executionem
700 1958 779 1992 talis
795 1959 866 1993 est.

397 2032 428 2049 a>
455 2008 513 2042 De
528 2008 704 2043 Mandato
719 2010 785 2043 &c.
800 2010 832 2043 8<
854 2007 896 2043 ad
912 2008 1121 2043 Instantiam
1135 2007 1202 2042 δίε.

396 2082 424 2099 ,,
450 2060 486 2092 in
512 2059 612 2103 cujus
632 2059 787 2095 Credito
813 2069 986 2100 cantant,
1012 2059 1047 2092 &
1073 2066 1202 2092 extant

399 2132 425 2149 2,
453 2108 548 2144 Loca
566 2110 708 2144 Montis
722 2137 730 2145 .
745 2136 755 2145 .
772 2136 782 2144 .
795 2110 902 2156 super
918 2109 1046 2154 quibus
1074 2107 1130 2141 die
1144 2132 1153 2140 .
1168 2133 1177 2141 .
1192 2132 1201 2142 .

399 2182 426 2198 a>
451 2161 562 2194 anni.
578 2187 586 2194 .
602 2187 610 2194 .
626 2160 669 2194 ad
684 2161 887 2194 instantiam
903 2157 951 2192 N.
970 2157 1018 2192 N.
1032 2170 1100 2204 pro
1114 2156 1206 2191 Cre-

397 2230 424 2246 „
452 2208 529 2242 dito
545 2236 555 2244 .
569 2236 578 2243 .
593 2235 602 2242 .
617 2211 745 2256 vigore
763 2207 929 2244 Mandati
951 2209 1113 2254 expediti
1137 2219 1204 2253 per

400 2281 425 2298 ³,
451 2258 523 2293 aeta
540 2259 645 2294 N.N.
660 2260 726 2294 fuit
742 2258 829 2293 fieta
849 2261 1018 2294 executio
1035 2259 1100 2293 &c.

401 2332 429 2350 a>
457 2308 646 2344 Mandatur
659 2309 706 2343 D.
718 2311 925 2344 Secretariae
935 2309 1128 2343 Generalis
1140 2306 1203 2342 Lo·

401 2382 426 2399 2,
452 2370 579 2394 corum
596 2360 785 2395 Montium
814 2359 1135 2398 Administratori,
1163 2368 1202 2392 ut

399 2432 425 2449 ³,
451 2409 493 2442 ab
521 2409 706 2444 antedictis
721 2410 824 2444 Locis
840 2410 906 2443 &c.
933 2408 1046 2455 praed.
1061 2407 1199 2442 Vincu-

399 2481 426 2501 ρ,
452 2459 529 2493 lum
546 2459 779 2494 Executionis
806 2469 842 2493 ut
866 2460 970 2506 supra
986 2459 1065 2494 fact.
1081 2458 1123 2493 ad
1144 2459 1196 2492 in-

400 2531 425 2551 ‚‚
453 2510 616 2543 stantiam
634 2509 682 2544 N.
700 2510 863 2545 N.cass'et
890 2508 1032 2550 deleat,
1057 2510 1091 2543 δε
1117 2507 1200 2542 abo-

400 2581 426 2598 „
451 2560 523 2593 leat
538 2584 550 2600 ,
576 2560 623 2593 ita
654 2569 690 2593 ut
706 2559 725 2594 *a
742 2560 774 2594 d.
791 2559 950 2594 Vinculo
977 2559 1200 2594 executionis

399 2633 426 2650 ,,
452 2611 628 2644 immunia
657 2609 805 2645 evadant
829 2635 839 2649 ,
866 2611 901 2643 8(
930 2621 997 2654 pro
1021 2608 1198 2644 antedicto

399 2684 426 2701 ³,
451 2657 576 2695 effectu
593 2659 830 2706 quascumque
846 2662 1095 2694 annOtationes
1111 2662 1146 2694 in
1163 2659 1201 2694 li-

402 2734 428 2753 ,,
454 2710 529 2745 bris
546 2737 557 2751 ‚
586 2711 618 2744 δέ
634 2711 719 2745 listis
743 2709 776 2744 d.
792 2710 934 2744 Montis
948 2735 960 2751 ‚
986 2711 1019 2744 &
1034 2710 1094 2745 ubi
1109 2708 1199 2755 opus

331 2766 378 2792 12
404 2785 430 2805 ,‚
457 2761 565 2795 fuerit
579 2761 682 2795 faciat
699 2762 763 2795 &c-
778 2761 962 2808 Qoniam
978 2759 1145 2795 stantibus
1161 2760 1200 2795 li-

401 2835 427 2853 „
452 2813 539 2845 teris
556 2811 763 2845 Patentibus
789 2811 945 2857 utsupra
960 2810 1138 2854 expeditis
1165 2810 1199 2844 &

400 2886 428 2904 2,
453 2862 649 2908 registratis
675 2873 713 2894 ac
742 2862 778 2894 in
793 2859 875 2894 aitis
890 2860 1090 2902 exhibitis,
1117 2861 1200 2895 Fide

400 2937 427 2954 ,‚
453 2909 751 2957 publicaDecreti
769 2913 1002 2945 revocationis
1015 2912 1198 2946 executio-

402 2987 428 3003 „
454 2963 507 2996 nis
522 2962 614 3000 (seu
632 2962 878 2995 Instrumento
892 2961 1088 2996 Solutionis
1104 2988 1115 3002 ,
1140 2961 1198 2996 seu

402 3036 427 3052 2,
456 3011 670 3056 consensu)
687 3013 723 3044 in
738 3010 920 3056 publicam
936 3011 1090 3045 formam
1107 3013 1143 3046 in
1172 3022 1202 3044 a-

402 3085 429 3103 „
454 3060 515 3094 stis
530 3060 925 3105 productlllffiusDjta
941 3060 1124 3097 mandavit
1138 3062 1202 3096 hae

404 3136 429 3153 2,
456 3110 511 3145 die
538 3113 603 3145 &c.
618 3135 640 3151 2,
668 3111 743 3145 Ast.
771 3110 805 3146 d.
822 3110 1024 3146 Vinculum
1052 3110 1196 3159 apposi-

402 3171 483 3195 tum
501 3162 627 3207 vigore
645 3161 809 3196 Mandati
829 3163 933 3197 unius
949 3161 1100 3201 Judicias
1114 3161 1198 3197 tolli

402 3210 723 3259 nequitMandato
737 3213 883 3249 alterius
898 3211 1033 3255 Judicis
1048 3213 1192 3258 ordinaf

1370 297 1442 338 rii,
1467 297 1550 343 quia
1575 296 1639 332 Par
1653 309 1723 332 cum
1738 297 1820 331 Pari
1845 308 1902 331 non
1924 297 2026 333 datur
2050 300 2157 347 impe-

1370 359 1478 383 ’'lum-

1363 396 1540 434 Notarius
1565 399 1671 446 plura
1685 397 1877 434 observare
1900 396 2007 434 debet
2034 398 2160 436 ἀυτῇ-μ

1363 447 1584 484 Mandatum
1623 448 1668 483 de
1693 447 1848 484 delendo
1876 453 1997 494 primo
2023 448 2158 485 dietum

1365 495 1570 534 Vinculum
1602 498 1783 533 Clausulae
1820 500 1980 534 dummodo
2018 501 2160 546 expleri

1298 559 1341 595 ¹3
1369 550 1558 596 contingat
1572 563 1598 585 :
1612 548 1737 583 Primo
1766 547 1836 593 jam
1851 549 2002 584 ablatam
2024 550 2126 586 fuisse
2139 551 2159 586 ἔι

1364 596 1596 644 Constitntmne
1610 598 1831 633 SanHaeMem.
1846 601 2009 633 Beneacfi‘z·
2014 599 2127 634 PPAY
2130 601 2163 636 V.

1367 647 1519 694 desuper
1532 661 1632 684 recen
1641 647 1699 683 sita
1709 649 1781 694 §sz
1791 648 1857 684 haec
1867 650 2068 695 neccffizrzum
2081 661 2160 686 tum

1360 697 1404 732 ab
1430 698 1735 734 Administratore
1751 699 2133 745 Componendarum
2152 727 2164 743 ,

1362 760 1474 795 quum
1486 749 1529 784 ab
1540 748 1846 785 Administratore
1861 749 2045 785 Locorum
2059 752 2162 786 Mon-

1362 799 1457 834 tium
1486 800 1696 835 facultatem
1725 811 1874 835 omnem
1901 799 2076 838 cassandi,
2100 802 2159 836 seu

1360 849 1509 885 delendi
1535 848 1576 883 ab
1591 849 1713 892 Officiis
1733 849 1943 885 meabilibus
1967 850 2160 894 cujuscum-

1363 911 1433 945 que
1447 902 1587 947 generis
1600 902 1635 936 &
1657 914 1677 934 a
1693 902 1788 935 Locis
1802 901 1962 935 Montium
1988 904 2158 936 Camera-

1361 950 1453 985 lium
1468 975 1481 991 ,
1506 950 1907 987 Communitativorum
1920 977 1933 992 ‚
1958 954 1991 985 &
2009 951 2159 987 Barona-

1363 1000 1441 1035 lum
1457 999 1664 1036 Clausulam
1680 1003 1716 1035 in
1731 1003 1782 1036 eis
1807 1002 2094 1046 apponitolitam
2118 1003 2155 1037 in

1362 1049 1440 1084 afta
1467 1051 1630 1096 capiendi
1666 1050 1907 1097 possessionem
1935 1067 1943 1086 :
1985 1052 2157 1086 Dummodo

1370 1100 1553 1147 Pqffiffffiostt
1563 1114 1698 1142 vacans,
1712 1100 2032 1148 &stlzes=raejztd.sc2‘o
2044 1101 2158 1136 haben-

1366 1154 1450 1184 tium
1465 1154 1601 1186 meliora
1615 1178 1626 1193 ,
1640 1151 1680 1186 &
1691 1156 1822 1196 potiora
1838 1153 1924 1187 Istra
1949 1153 2156 1197 priusquam

1363 1201 1499 1246 lapsum
1515 1202 1628 1236 fuerit
1646 1205 1831 1249 integrum
1847 1202 2040 1237 Biennium
2055 1202 2073 1236 a
2100 1205 2157 1237 uie

1366 1260 1476 1295 captae
1492 1251 1704 1297 poffeffionis
1723 1253 1755 1286 8<
1774 1252 1970 1297 respetstive
1986 1253 2156 1287 Transla-

1294 1314 1339 1347 14
1367 1303 1473 1336 tionis
1497 1313 1580 1336 cum
1607 1302 1760 1336 clausula
1776 1302 1942 1346 praedicta
1958 1328 1968 1342 ‚
1986 1303 2157 1347 fiszeprae-

1361 1353 1490 1384 cedenti
1517 1352 1676 1385 Mandata
1698 1352 1829 1391 Jna'ccz's
1854 1362 2090 1397 campestrias,
2116 1352 2157 1386 ΕΞ

1347 1402 1419 1444 sine
1436 1402 1629 1448 Exequatur
1662 1400 1874 1447 Tchjfizurarli
1901 1402 2096 1440 Generalis,
2122 1405 2157 1437 S<

1287 1462 1329 1494 15
1358 1451 1548 1497 respec'tive
1567 1453 1718 1487 Datarji.
1734 1451 1875 1488 Deinde
1889 1452 2059 1487 Notarius
2076 1465 2156 1496 per-

1359 1501 1521 1546 pendere
1537 1502 1672 1544 debet,
1697 1515 1769 1538 non
1784 1503 1894 1538 licere
1908 1504 2014 1537 alicui
2035 1515 2078 1538 ex
2097 1502 2155 1540 Ju-

1358 1551 1495 1587 dicibus
1509 1553 1701 1588 ordinariis
1716 1554 1810 1588 intra
1833 1554 2028 1588 terminum
2047 1550 2159 1586 dicto-

1362 1614 1442 1637 rum
1458 1601 1615 1638 duorum
1644 1615 1825 1638 annorum
1840 1604 2009 1638 Mandata
2039 1602 2158 1647 hujus-

1362 1652 1459 1687 modi
1476 1654 1638 1688 relaxare
1652 1665 1734 1689 cum
1753 1654 1824 1689 sola
1851 1652 2068 1699 fidejuffione
2096 1665 2157 1699 ap·-

1287 1703 1336 1739 16
1361 1702 1545 1748 probanda
1573 1715 1640 1749 per
1665 1717 1931 1751 quemcumque
1960 1703 2156 1738 Notarium

1360 1756 1548 1801 proprium
1566 1754 1732 1790 Officium
1748 1754 1945 1790 habentem
1964 1754 2068 1799 seque
2091 1753 2154 1786 ob-

1358 1806 1475 1854 ligare
1489 1805 1673 1841 valentem
1686 1832 1699 1848 ,
1723 1816 1835 1850 prout
1851 1804 2021 1840 haetenus
2035 1803 2157 1837 obser-

1362 1857 1441 1890 vari
1469 1857 1686 1897 consuevit,
1708 1855 1767 1891 sed
1784 1856 1952 1892 Mandata
1979 1853 2154 1899 ejusmodi

1355 1905 1543 1943 dumtaxat
1561 1907 1722 1942 relaxare
1739 1908 1824 1943 licet
1839 1909 1899 1942 vel
1916 1917 1999 1942 cum
2017 1903 2157 1948 fidejus-

1284 1967 1331 2005 17
1359 1955 1480 2000 fione,
1508 1960 1542 1992 &
1562 1956 1702 1993 Cedula
1718 1957 1885 1993 Bancaria
1912 1954 2061 1999 alicujus
2089 1966 2157 2000 pu-

1356 2007 1468 2049 blici,
1493 2019 1601 2054 atque
1628 2009 1747 2044 idonei
1777 2008 1888 2044 Urbis
1913 2006 2157 2045 Mercatoris,

1284 2061 1328 2096 18
1356 2058 1415 2092 vel
1429 2069 1512 2093 cum
1529 2059 1785 2106 Attergatione
1800 2056 1952 2094 totidem
1970 2060 2156 2091 Locorum

1357 2109 1547 2144 Montium
1562 2124 1573 2148 ς
1597 2110 1631 2143 &
1646 2108 1844 2155 respeffive
1857 2107 2072 2141 Officiorum
2089 2104 2159 2139 Va-

1358 2159 1528 2194 cabilium
1556 2158 1769 2204 (quatenus
1795 2168 1922 2206 agatur
1950 2156 1993 2192 de
2022 2153 2158 2189 Officiis

1357 2207 1622 2252 Vacabilibus)
1648 2208 1690 2243 ab
1717 2210 1820 2243 omni
1850 2206 2012 2241 Vinculo
2035 2216 2157 2239 exem-

1354 2269 1506 2306 ptorum
1528 2282 1542 2299 ‚
1568 2256 1729 2304 didlaque
1745 2257 1933 2303 Obligatio
1963 2254 2157 2290 Bancherii

1282 2323 1328 2354 19
1355 2307 1535 2344 mediante
1549 2305 1692 2344 Cedula
1705 2309 1810 2344 durat
1821 2316 1884 2353 per
1900 2305 2068 2340 biennium
2083 2328 2095 2342 ,
2119 2304 2155 2339 8<

1356 2371 1428 2393 non
1446 2359 1542 2392 ultra
1554 2384 1564 2392 .

1354 2410 1504 2455 Parique
1532 2406 1641 2443 modo
1667 2408 1755 2444 dum
1784 2408 1959 2444 Notarius
1988 2407 2026 2441 in
2054 2416 2154 2440 man-

1350 2458 1433 2494 dato
1448 2460 1672 2493 mentionem
1702 2460 1785 2494 facit
1809 2458 1853 2493 de
1868 2456 2071 2492 Bancherio
2100 2456 2155 2490 uti

1351 2508 1541 2545 necessario
1569 2509 1676 2544 debet
1703 2509 1769 2543 illo
1795 2506 1971 2552 adje&ivo
1990 2504 2152 2550 publico,

1277 2571 1327 2598 20
1354 2559 1516 2594 &idoneo
1532 2584 1541 2597 ,
1568 2571 1634 2603 per
1647 2557 1746 2602 cujus
1771 2556 1995 2593 omiffionem
2023 2555 2152 2600 persae-

1349 2622 1395 2657 pe
1411 2608 1538 2654 rejecla
1562 2610 1710 2643 fuerunt
1727 2608 1900 2643 Mandata
1924 2608 1966 2642 ab
1983 2605 2151 2641 Admini-

1350 2663 1500 2696 stratore
1523 2660 1734 2694 Secretariae
1758 2659 1950 2693 Montium
1965 2682 1978 2697 ,
2005 2655 2153 2702 praeser-

1348 2713 1415 2746 tim
1443 2711 1519 2755 post
1533 2710 1747 2744 ventilatam
1761 2720 1882 2743 coram
1899 2706 1945 2743 A.
1960 2705 2005 2741 C.
2023 2705 2152 2741 Parac-

1351 2763 1450 2795 ciano
1466 2761 1646 2794 notoriam
1662 2758 1814 2793 Causam
1832 2756 2048 2792 deco-{tionis
2066 2756 2154 2802 thg·

1346 2813 1440 2858 gerii
1465 2808 1602 2854 publici
1621 2833 1633 2850 ‚
1656 2810 1690 2843 &
1717 2809 1920 2854 famigerati
1941 2805 2151 2846 Exadimis,

1276 2873 1321 2898 21
1353 2874 1417 2896 nec
1434 2868 1611 2906 repugnat
1629 2884 1641 2899 ‚
1667 2857 1764 2905 quod
1778 2857 1999 2893 Bancherius
2026 2855 2149 2900 dupli-

1348 2923 1427 2946 cem
1442 2919 1543 2958 gerat
1559 2910 1714 2956 figuram
1727 2933 1739 2949 ,
1751 2908 1905 2943 alteram
1920 2918 2055 2952 nempe
2070 2907 2146 2940 Ban-

1350 2960 1459 2996 cherii
1486 2961 1580 2995 circa
1606 2958 1877 3005 praestationem
1891 2957 2044 2994 Cedulae
2059 2955 2149 2989 Ban-

1352 3012 1458 3046 cariae
1485 3022 1552 3056 pro
1577 3007 1763 3044 deletione
1788 3008 1951 3055 Clazgsiclae
1963 3005 2121 3042 dummodo
2135 3028 2149 3045 ,

1355 3063 1389 3096 8<
1403 3062 1554 3096 alteram
1570 3060 1793 3095 Procuratoris
1806 3059 1987 3095 constituti
2004 3055 2023 3090 *a
2038 3056 2148 3091 Mon-

1350 3113 1428 3147 tista
1451 3111 1495 3147 ad
1521 3108 1752 3146 vendendum
1776 3111 1871 3146 Loca
1897 3110 2084 3146 Montium
2109 3105 2146 3140 δέ

1352 3164 1512 3209 pretium
1535 3161 1755 3211 exigendum
1769 3189 1778 3198 .

1271 3223 1321 3250 22
1348 3212 1550 3260 Itidemque
1575 3213 1684 3251 debet
1713 3212 1884 3251 Notarius
1921 3221 1991 3247 una
2034 3204 2144 3243 fimul

2014 3268 2100 3294 cum
