2300 3547
546 160 1493 222 VBERRIMVS.

111 228 293 271 Appellatio
309 239 376 271 quae
389 237 453 260 non
465 227 558 259 datur
571 239 588 259 a
601 232 741 262 Decreto
751 231 870 266 judicis
885 234 989 265 fabri-

197 284 237 304 εει
247 296 256 311 ,
269 273 453 305 conceditur
464 281 481 302 a
496 273 756 316 Congregatione
770 275 990 316 Cap.¹4.n.78.

155 318 295 351 Petenda
320 319 362 347 est
384 314 600 356 supersess'oria
613 330 669 359 pro
683 319 827 350 adeunda
842 322 990 362 Congre-

197 362 327 404 gatione
340 369 446 391 coram
464 360 624 394 Auditore
638 362 821 396 Gardinalis
839 362 991 403 Praefec‘ki‚

197 409 226 438 ἃ
251 407 269 436 fi
295 410 429 444 negatur
445 405 619 437 recurritur
633 408 671 438 ad
684 407 783 439 alium
798 410 990 445 Auditorem

199 455 359 490 gerentem
374 447 460 479 vites
476 448 614 481 Praefeffl
632 458 708 482 met.
732 463 762 484 n.
775 465 827 493 79,

159 493 220 523 Vel
234 493 274 524 ad
290 491 479 524 Auditorem
495 494 668 526 Sanssiffimi
698 505 729 526 n.
745 502 796 529 80.

111 535 334 578 Appellatione
351 537 506 576 pendente
530 547 592 570 non
612 538 686 571 licet
709 541 879 583 quicquam
895 541 990 573 inno-

189 590 273 620 -vare
287 582 365 619 Cap.
382 585 430 612 26.
455 591 485 612 n.
500 592 549 620 ²7·

114 623 302 664 Appellatio
315 633 377 655 non
390 625 578 656 admittitur
592 625 622 657 in
636 623 813 666 suspenfivo
838 639 854 659 a
868 630 992 662 Decre-

207 666 374 702 toJudicis
388 669 519 701 Fabricae
531 671 606 711 cap.
625 680 672 704 14.
695 679 726 703 n.
747 683 798 711 77.

112 712 296 753 Appellatio
314 713 406 744 datur
419 724 435 744 a
450 713 716 750 DecretoJudicis
731 714 907 756 supplentis
922 727 993 749 con,

204 756 329 788 sensum
344 757 444 789 Partis
457 758 535 798 Cap.
549 769 600 798 ες.
618 768 648 789 u.
663 762 733 791 161.

113 800 297 843 Appellatio
312 799 539 833 aResolutione
552 804 820 843 Congregationis
838 805 996 836 Montium

199 844 386 876 conceditur
410 849 447 877 ab
474 846 631 881 Auditore
653 847 833 884 Sanctiffimi
861 849 997 880 constito

201 895 307 920 tamen
321 889 357 918 de
373 891 555 930 gravamine
571 891 692 930 Capzs.
715 902 745 924 n.
762 899 811 933 36.

116 934 145 966 A
161 933 324 966 Sententia
336 931 538 969 Thesautarii
554 943 617 965 non
630 936 814 969 conceditur
827 936 859 968 in
871 934 996 977 suspen-

204 978 273 1007 slvo
286 977 365 1015 Cap.
382 991 410 1018 7.
436 987 466 1010 n.
487 990 536 1016 29.

116 1023 143 1054 Α
156 1020 309 1054 Mandato
322 1021 359 1051 de
374 1020 600 1056 transferendo
614 1022 797 1064 exposcitur
817 1024 848 1055 in
872 1023 998 1066 plena..

204 1065 339 1099 camera
362 1068 504 1106 Cap-14.
534 1075 565 1096 n.
581 1071 631 1099 81.

115 1110 382 1143 Alsettamentum
400 1109 507 1140 aditur
521 1119 536 1139 a
553 1110 708 1142 Mandato
719 1112 757 1142 de
776 1111 1000 1143 transferendo

204 1152 308 1184 Curiae
323 1153 512 1194 Capitolinae
527 1154 604 1192 Cap.
621 1165 668 1190 ¹4-
696 1164 725 1186 n.
737 1160 794 1191 84.

117 1197 304 1239 Attergatio
323 1197 479 1229 Locorum
503 1197 663 1228 Montium
680 1199 829 1229 Bononiae
851 1199 1001 1230 admitti-

207 1250 260 1272 tur
272 1251 328 1282 pro
345 1241 516 1273 securitate
527 1242 914 1275 AffiouumCameralium
925 1246 1002 1284 Cap.

206 1297 234 1318 2.
250 1295 279 1316 n.
294 1288 345 1324 65,

119 1331 300 1370 Attergans
326 1329 453 1371 proprie
480 1330 521 1360 est
543 1329 598 1360 ille
613 1354 622 1368 ,
643 1329 698 1371 qui
714 1330 800 1371 quod
813 1341 827 1361 a
843 1331 1000 1363 Debitore

208 1372 392 1414 promissum
408 1376 449 1406 est
464 1395 472 1410 ‚
494 1374 556 1406 fide
585 1373 743 1410 suainess'e
756 1376 845 1412 jubet
858 1376 936 1416 Cap.
952 1386 1001 1414 ¹9·

72 1452 76 1456 ³
205 1427 344 1459 numag,

119 1461 359 1502 Attergatarius
378 1473 439 1493 non
456 1460 597 1502 sequitur
614 1462 707 1492 fidem
726 1463 924 1505 Attergantis
946 1459 999 1494 sed

210 1505 368 1547 Principis
385 1507 462 1545 Cap.
477 1518 528 1537 21.
548 1517 578 1538 n.
595 1517 645 1546 30.
659 1509 685 1538 S(
704 1518 752 1546 31.

160 1550 1003 1592 InAttergationeLocorumMontiumAdministrator

207 1594 246 1632 de
259 1604 369 1626 eorum
383 1595 550 1626 securitate
565 1595 723 1635 inquirere
740 1595 1005 1634 teneturC.5.n.8.

119 1636 366 1678 Attergationes
382 1639 570 1669 annotandae
586 1639 700 1670 suntin
717 1640 812 1671 Libro
826 1650 834 1671 ς
850 1642 978 1680 registro
996 1647 1004 1670 τ

209 1691 243 1717 ac
270 1682 300 1712 in
326 1683 421 1716 dorso
447 1684 629 1714 litterarum
654 1683 836 1716 Patentium
859 1685 934 1725 Cap.
953 1693 1003 1714 ιι.

207 1736 313 1765 num.5
324 1739 349 1767 ς.

163 1771 372 1810 Qommodo
387 1771 581 1804 exarentur?
609 1771 725 1803 ibidem
752 1781 782 1801 n.
799 1783 848 1812 57,

119 1814 307 1854 Attergatio
324 1816 405 1847 idem
421 1815 548 1856 prorsus
564 1817 603 1847 est
614 1816 768 1846 acCautio
779 1813 831 1846 seu
847 1815 1004 1858 obligatio

209 1859 357 1900 Cap-16.
380 1868 473 1893 ΠΛΟ.

162 1903 207 1933 Et
221 1903 250 1933 in
264 1905 488 1946 Attergatione
505 1903 738 1944 procedendum
750 1906 791 1935 est
804 1915 874 1935 cum
892 1903 1002 1935 iisdem

207 1948 286 1984 juris
302 1949 422 1989 regulis
438 1975 447 1988 ‚
473 1949 590 1990 quibus
615 1948 647 1983 in
667 1949 799 1990 pignore
816 1950 936 1981 utimur
949 1948 1003 1979 ibi-

206 1990 278 2021 dem
297 2002 325 2023 n.
340 1998 376 2024 61
387 2017 395 2024 .

121 2034 308 2075 Attergatio
322 2038 451 2067 inhaeret
467 2034 632 2075 principali
645 2034 838 2076 obligationi
863 2047 892 2068 n.
907 2041 959 2068 61.

163 2080 296 2118 Sumpsit
313 2090 425 2111 nomen
442 2079 680 2120 Attergationis
706 2083 745 2110 ab
774 2080 1005 2121 annotatione,

209 2134 276 2162 quae
302 2125 337 2153 fit
360 2135 376 2155 a
395 2131 485 2165 tergo
501 2123 682 2156 patentium
698 2126 774 2163 Cap.
795 2137 841 2162 ¹9·
865 2135 894 2156 n.
909 2136 961 2156 21.

164 2167 518 2208 Sapitobligationem.,
540 2169 567 2198 ἃ
583 2168 765 2208 Relignatio
788 2167 868 2208 sapit
890 2169 1004 2200 vendi-

209 2210 329 2240 tionem
343 2213 419 2252 Cap.
439 2222 490 2250 ²3·
519 2222 548 2241 n.
568 2217 640 2248 ¹96·

163 2253 246 2285 fieri
263 2257 364 2294 potest
388 2261 460 2286 ante
487 2254 533 2285 vel
557 2255 622 2294 post
645 2254 787 2296 rogitum
799 2256 1004 2288 Instrumenti

210 2300 287 2338 Cap.
307 2304 355 2330 16.
379 2308 395 2329 n
423 2309 474 2337 72·
494 2300 521 2330 ὃ(
540 2309 592 2337 73·
612 2310 620 2313 e

123 2341 346 2382 Attergatione
362 2350 488 2373 exarata
506 2339 690 2373 extenditur
701 2342 790 2375 Fides
809 2344 1005 2385 Attergatio-

211 2387 260 2419 nis
275 2387 305 2418 in
324 2387 406 2419 calce
421 2387 543 2417 ordinis
569 2396 598 2418 n.
616 2395 664 2423 75.
908 2386 910 2388 ’

169 2429 260 2460 Ordo
284 2441 358 2463 vero
380 2441 448 2460 cum
474 2431 532 2461 fide
548 2429 781 2468 Atttrgationis
805 2431 1003 2471 consignatur

210 2474 286 2510 illi,
314 2474 366 2516 qui
383 2475 551 2506 Cambium
567 2475 732 2505 contraxit
748 2476 774 2505 ἃ
790 2473 930 2515 sequitur
955 2475 1007 2506 so-

212 2518 295 2548 lutio
309 2520 347 2549 ad
364 2519 558 2552 Contraftus
575 2518 800 2558 perfectionem
821 2528 850 2549 n.
869 2523 919 2556 76.

126 2561 313 2602 Attergatio
330 2563 450 2593 tamdiu
467 2564 559 2593 durat
577 2570 613 2592 ut
627 2562 796 2592 Cambium
820 2562 894 2593 ibid.
909 2573 938 2593 n.
956 2568 1006 2595 81.

170 2606 249 2637 lieri
266 2605 348 2638 solet
365 2609 471 2639 favore
489 2607 626 2637 Camerae
649 2616 705 2643 pro
720 2607 880 2637 Affictibus
896 2608 1005 2638 favore

218 2650 306 2682 sacr-ae
319 2653 405 2683 JEdis
421 2674 428 2687 ,
447 2652 539 2682 Banci
556 2654 584 2683 S.
598 2651 738 2690 Spiritus
753 2677 761 2689 ,
778 2651 931 2681 Locorum
946 2651 1013 2690 pio-

222 2705 290 2725 rum
306 2716 315 2731 ,
339 2698 364 2730 ἃ
381 2695 527 2725 similium
545 2706 600 2735 pro
615 2696 799 2727 muneribus
816 2696 952 2727 conferri
969 2694 1014 2730 so.

220 2737 286 2768 litis
308 2749 379 2770 cum
398 2739 453 2771 tali
467 2740 624 2772 Cautione
640 2742 718 2778 Cap.
734 2748 783 2770 16.
809 2747 837 2768 n.
854 2743 906 2770 82.

182 2782 234 2812 fit
246 2783 341 2813 etiam
358 2786 614 2815 favoreAnnonae
629 2782 849 2815 frumentariae
865 2783 1018 2827 velOlea5

223 2825 271 2854 riae
284 2835 299 2854 a
317 2827 489 2859 Pistoribus
504 2852 513 2865 ,
527 2830 553 2858 ἃ
569 2826 798 2858 Venditoribus
814 2827 889 2859 Olei
901 2849 909 2862 ‚
923 2828 1017 2858 favo-

219 2878 250 2898 re
282 2871 529 2911 Appaltatorum
556 2871 726 2905 Loftorum
749 2892 758 2910 ,
782 2873 809 2904 ἃ
837 2870 1014 2905 flatilium„

220 2921 307 2944 num.
321 2921 372 2956 83.

137 2957 364 2996 Attergatione
376 2965 541 2990 corruente
555 2970 592 2993 ex
608 2959 701 2999 culpa
716 2958 994 2990 Administratoris
1007 2982 1014 2995 ,

221 3002 314 3031 debet
329 3003 377 3034 bic
391 3002 500 3034 [εῐιὶτε
522 3004 634 3033 damna
647 3015 685 3036 ex
704 3003 929 3044 Attergationc
954 3002 1014 3032 rni-

222 3055 281 3074 nus
299 3049 377 3077 reete
389 3047 515 3077 admissa
529 3048 717 3085 prodeuntia
732 3048 849 3080 ibidem
875 3056 904 3077 n.
919 3052 969 3083 84.

140 3088 326 3129 Attergatio
339 3091 484 3129 praecedit
498 3091 672 3131 aliquando
690 3093 934 3122 rnstruiuentum
959 3090 1013 3120 ad-

221 3134 323 3167 hibita
337 3132 487 3167 Clausula
507 3135 642 3166 relativa
654 3134 692 3166 ad
706 3136 951 3169 Instrumentum
966 3133 1012 3165 sti-

1120 231 1298 272 pulandum
1328 232 1446 262 ibidem
1473 241 1560 262 num.
1577 236 1626 272 85.

1084 277 1238 317 Difiaque
1255 276 1436 316 Attergatio
1460 275 1591 315 alligata
1614 274 1757 309 censetur
1774 275 1899 317 legibus
1913 297 1924 314 ‚

1128 321 1155 351 Se
1171 321 1267 360 pactis
1282 320 1508 351 inhaerentibus
1526 320 1743 350 Instrumento
1767 329 1797 352 n.
1810 322 1863 352 86.

1045 364 1234 404 Attergatio
1263 362 1373 396 tandiu
1400 364 1522 400 durat,
1544 370 1701 404 quantum
1725 363 1818 396 durat
1831 363 1933 398 Cam·

1132 411 1219 440 bium
1244 419 1274 439 n.
1291 414 1343 446 87.

1085 454 1253 496 signanter
1277 453 1296 482 fi
1310 451 1412 482 adfisst
1426 450 1524 482 verba
1542 460 1550 482 ι
1568 450 1608 482 ad
1621 450 1861 495 Beneplacitum
1875 451 1929 485 ἃς,

1130 507 1217 527 num.
1229 501 1280 531 88.

1083 541 1140 575 Vel
1155 541 1216 571 alia
1231 540 1322 571 verba
1335 549 1344 571 ι
1357 540 1386 570 in
1401 538 1551 570 omnibus
1567 541 1595 572 &
1607 547 1661 580 per
1674 537 1785 570 onmia
1798 537 1842 568 ad
1858 538 1926 570 for.

1128 595 1210 618 mam
1228 582 1429 615 Instrumenti
1444 581 1560 613 ibidem
1585 593 1614 614 n.
1630 588 1682 621 89.

1044 628 1278 670 Attergationis
1301 628 1461 667 praemium
1482 627 1618 657 confistit
1644 628 1676 659 in
1698 624 1779 658 scut.
1793 624 1922 657 duobus

1130 672 1181 703 vel
1196 671 1298 702 tribus
1326 682 1382 711 pro
1409 669 1538 711 fingul's
1551 670 1642 702 Locis
1659 672 1736 709 Cap.
1754 681 1805 707 ¹9·
1830 679 1860 700 n.
1875 680 1889 699 2
1902 681 1930 707 7·

1045 716 1272 758 Attergatione
1289 713 1435 755 primaria
1444 719 1487 744 cel
1503 722 1552 747 ata
1566 736 1576 751 ,
1602 713 1756 745 secundus
1775 715 1927 752 Atrerga.

1134 760 1233 791 tarius
1246 759 1384 791 succedit
1397 759 1429 788 in
1448 757 1550 788 locum
1564 758 1658 797 primi
1685 768 1716 788 n.
1732 769 1783 796 47.

1046 804 1231 846 Attergatio
1257 813 1321 835 non
1347 804 1389 833 est
1410 801 1632 835 Ecclefiasticis
1659 802 1760 834 vetita
1782 801 1926 842 Cap-20.

1135 860 1165 880 n.
1181 859 1229 886 54·
1805 879 1812 882 .

1091 896 1142 928 De
1157 891 1382 933 Attergatione
1409 890 1546 921 constare
1569 889 1665 920 debet
1692 889 1723 919 in
1739 887 1908 921 Broliardo
1923 911 1933 926 ,

1132 938 1282 977 Regestro
1296 960 1306 974 ,
1329 937 1357 966 ἃ
1372 933 1491 965 litteris
1510 933 1697 965 Patentibus
1711 934 1931 971 Cap.20.n.64.

1047 980 1234 1020 Attergatio
1249 978 1394 1020 generica
1407 988 1472 1022 pon
1490 977 1669 1009 attenditur
1691 977 1809 1009 ibidem
1832 986 1862 1007 n.
1877 980 1930 1007 66.

1091 1026 1163 1059 Non
1177 1023 1328 1055 convenit
1352 1021 1516 1056 indefinite
1542 1021 1732 1061 appositioni
1748 1019 1932 1058 cujuscum-

1137 1078 1199 1109 que
1218 1066 1336 1098 vinculi
1359 1066 1439 1106 Cap.
1458 1076 1510 1104 ²3-
1534 1067 1640 1096 n.6.&
1657 1077 1684 1104 7.
1883 1105 1891 1112 ι

1093 1112 1248 1153 Equitati
1261 1121 1322 1142 non
1337 1116 1490 1151 repugnat
1512 1109 1599 1149 quod
1614 1108 1762 1148 Princeps
1777 1108 1930 1139 deveniat

1138 1156 1176 1187 ad
1194 1153 1432 1187 Extrafflonem
1445 1154 1602 1187 Locorum
1628 1153 1795 1183 Montium
1820 1149 1931 1192 potius

1140 1201 1336 1230 Exterornm
1356 1208 1451 1239 quam
1464 1196 1671 1229 Subditorum
1685 1198 1760 1236 Cap.
1780 1207 1807 1225 2.
1834 1205 1865 1224 n.
1882 1204 1932 1232 55.

1097 1243 1185 1288 Qia
1199 1245 1277 1275 ficut
1291 1243 1366 1272 licet
1382 1241 1512 1272 Exteris
1527 1240 1648 1280 semper
1673 1243 1699 1271 ἃ
1711 1237 1933 1281 qnandocum-

1139 1298 1201 1328 que
1219 1287 1372 1328 resignare
1388 1286 1440 1317 dd.
1455 1286 1535 1318 Loca
1548 1285 1710 1316 Montium
1724 1305 1734 1320 ‚
1763 1283 1810 1312 ita.
1838 1281 1934 1312 etiam

1142 1333 1243 1372 potest
1258 1331 1405 1370 Princeps
1421 1329 1458 1359 ad
1473 1329 1597 1360 libitum
1611 1328 1720 1359 eadem
1736 1325 1819 1361 Loca
1835 1325 1935 1356 Mon-

1140 1376 1218 1405 tium
1233 1375 1398 1408 extrahere
1412 1373 1530 1405 ibidem
1543 1383 1575 1404 n.
1591 1377 1641 1411 56.

1092 1419 1245 1451 ffirarium
1263 1418 1414 1457 Principis
1429 1424 1588 1456 pateretur
1599 1414 1934 1453 detrimentum,quo-·-

1136 1464 1196 1493 ties
1214 1463 1392 1494 restitueret
1403 1462 1474 1502 plus
1491 1471 1528 1491 eo
1541 1486 1551 1500 ‚
1566 1461 1652 1502 quod
1662 1457 1784 1499 accepit
1797 1457 1829 1488 in
1851 1458 1935 1488 Ere-

1144 1508 1247 1538 mione
1264 1509 1342 1546 Cap.
1357 1516 1407 1545 30.
1437 1515 1467 1537 n.
1479 1517 1530 1541 40.
1804 1544 1811 1550 ·

1056 1551 1262 1585 Alienatione
1278 1550 1438 1591 prohibita
1454 1559 1515 1579 non
1529 1547 1672 1583 censetur
1684 1546 1846 1589 prohibita
1858 1543 1937 1573 Per-

1144 1595 1281 1626 mutatio
1293 1596 1370 1634 Cap.
1387 1605 1417 1628 4·
1439 1602 1532 1632 1¹·45-

1055 1640 1202 1672 Archivii
1215 1639 1330 1671 claves
1357 1637 1578 1669 custodiuntur
1603 1638 1641 1667 ab
1666 1634 1936 1668 Administratote

1140 1684 1215 1724 Cap.
1227 1695 1258 1719 4.
1282 1693 1313 1714 n.
1328 1688 1382 1715 60.
1827 1705 1829 1707 ,

1058 1728 1200 1760 Auditor
1214 1725 1415 1759 Thesaurarii
1435 1726 1529 1757 habet
1544 1723 1679 1764 speciem
1694 1722 1812 1755 Vicarii
1830 1719 1939 1767 Gene-

1143 1771 1221 1803 ralis
1237 1769 1385 1812 Episcopi
1403 1779 1473 1800 cum
1488 1769 1674 1800 omnimoda
1688 1766 1902 1809 dependentia
1920 1769 1938 1793 ἓ,

1143 1815 1356 1848 Thesaurario
1372 1815 1450 1854 Cap.
1468 1824 1494 1853 3.
1517 1823 1546 1843 n.
1565 1823 1614 1844 ιι.

1099 1861 1260 1891 Incertum
1274 1861 1316 1890 est
1329 1869 1366 1889 an
1385 1860 1499 1889 habeat
1514 1857 1630 1886 Votum
1645 1854 1859 1887 consultivum
1886 1848 1939 1879 vel

1141 1904 1312 1938 decilivum
1327 1902 1357 1934 in
1371 1901 1628 1944 Congregatione
1641 1899 1804 1933 Montium
1820 1896 1896 1936 Cap.
1908 1898 1941 1926 6.

1140 1958 1228 1980 num.
1288 1970 1296 1979 .

1056 1991 1198 2023 Auditor
1211 1960 1391 2024 Saiigc'tiffimi
1404 1987 1569 2021 mandavit
1581 1986 1698 2021 servari
1715 1981 1939 2016 Constitutio-

1145 2046 1213 2067 nem
1229 2034 1387 2068 Benedicti
1400 2036 1485 2067 xlv.
1500 2033 1577 2073 Cap.
1591 2038 1621 2064 6.
1644 2041 1675 2061 n.
1690 2035 1741 2061 28.

1056 2080 1197 2111 Auditor
1211 2079 1387 2112 Sanc‘tiffimi
1416 2076 1587 2119 aliquando
1614 2073 1767 2107 avocavit
1778 2069 1895 2104 Causas
1921 2076 1939 2098 a

1140 2124 1248 2159 Judice
1261 2123 1421 2155 criminali
1437 2124 1513 2161 Cap.
1530 2131 1581 2156 24,
1605 2128 1636 2152 n.
1654 2128 1704 2160 ¹3.
1796 2159 1803 2165 ¹

1056 2169 1228 2200 Auditoris
1245 2167 1422 2200 Sanftiffimi
1435 2169 1613 2198 Decretum
1640 2163 1671 2193 in
1690 2168 1822 2193 materia
1836 2158 1942 2189 Loco.-

1143 2223 1212 2244 rum
1227 2212 1384 2245 Montium
1400 2211 1476 2250 Cap.
1494 2215 1525 2242 6.
1554 2219 1582 2240 n.
1596 2218 1626 2242 4.

1058 2256 1197 2288 Auditor
1221 2254 1401 2287 sanetiffimi
1416 2275 1425 2289 ,
1444 2259 1610 2293 comperto
1635 2247 1820 2291 gravamine
1838 2242 1942 2294 Rese-

1144 2300 1277 2331 lutiom's
1293 2300 1430 2330 Camcrae
1447 2319 1454 2333 ,
1478 2297 1595 2328 iterum
1613 2294 1729 2325 tribuit
1752 2296 1885 2332 gravato
1899 2286 1941 2316 li-

1143 2343 1279 2377 centiam
1292 2344 1330 2374 de
1348 2341 1510 2373 redeundo
1537 2341 1575 2370 ad
1591 2339 1674 2369 idem
1693 2333 1849 2372 ‘tribunal
1865 2332 1942 2370 cap.

1166 2413 1172 2419 .
1197 2396 1226 2417 n.
1242 2398 1259 2422 4
1287 2411 1294 2417 .

1057 2399 1199 2465 ‚Audiior
1210 2400 1757 2461 stuiiiiadministratorisMontium
1774 2423 1830 2452 effe
1846 2419 1941 2468 debet

1142 2476 1173 2505 in
1189 2473 1435 2515 jurisprudentia
1452 2473 1593 2505 versatus
1607 2498 1615 2512 ,
1634 2473 1761 2510 integrae
1779 2464 1864 2497 Fidei
1881 2483 1889 2497 ι
1911 2471 1942 2490 ²·

1147 2519 1277 2552 munelae
1293 2517 1377 2548 naris
1394 2542 1404 2556 ,
1428 2518 1456 2549 ἃ
1481 2526 1498 2546 a
1521 2517 1709 2548 muneribus
1723 2512 1846 2542 alienus
1860 2508 1937 2544 Cap.

1147 2572 1196 2594 ιι.
1219 2572 1305 2593 num.
1320 2571 1349 2599 7.
1859 2593 1866 2600 .

1105 2607 1160 2636 Est
1185 2607 1221 2636 ab
1247 2603 1510 2637 Administratore
1536 2602 1667 2645 proprio
1694 2609 1750 2630 aere
1776 2595 1943 2631 salamnus
1988 2607 1990 2609 ·

1152 2650 1268 2680 ibidem
1292 2660 1321 2681 n.
1337 2653 1368 2679 6.
1808 2683 1815 2688 ι
1880 2679 1886 2685 ,

1063 2693 1205 2730 Auditor
1234 2694 1404 2734 ⁴Signaturae
1418 2716 1426 2727 ,
1452 2693 1527 2722 Sede
1555 2695 1686 2722 vacante
1713 2712 1722 2726 ‚
1752 2688 1835 2726 gent
1857 2687 1943 2713 wces

1155 2737 1326 2768 Auditoris
1344 2736 1424 2765 Sacri
1438 2736 1578 2776 Collegii
1591 2736 1669 2772 Cap.
1687 2745 1713 2770 7.
1737 2739 1833 2769 1¹·50-

1067 2783 1310 2823 Augumentum
1333 2780 1426 2818 pretii
1451 2779 1541 2820 supra
1566 2777 1772 2818 originarium
1800 2769 1945 2802 valorem

1088 2825 1091 2830 ¹
1155 2822 1312 2858 Locorum
1326 2823 1487 2854 Montium
1511 2823 1574 2854 fuit
1598 2822 1677 2852 alias
1705 2818 1942 2865 approbfftqm)

1155 2869 1315 2899 mediante
1343 2867 1472 2898 licentia
1496 2874 1647 2898 oretenus
1685 2874 1701 2894 a
1723 2857 1943 2901 supenonbus

1155 2914 1228 2943 data
1246 2911 1504 2943 Administratori
1520 2913 1597 2950 Cap.
1613 2914 1641 2942 8.
1665 2919 1696 2938 n.
1711 2919 1760 2947 39.

1110 2957 1184 2988 Non
1208 2956 1360 2987 immutat
1377 2981 1385 2994 ‚
1413 2966 1468 2986 nec
1491 2956 1607 2987 alterat
1629 2953 1768 2983 valorem
1785 2946 1946 2978 Locorum

1155 3001 1316 3033 Montium
1333 3001 1363 3030 in
1379 3000 1503 3040 origine
1518 2998 1706 3041 praefinitum
1722 2992 1837 3025 ibidem
1851 2999 1881 3019 n.
1893 2999 1946 3024 40.

1065 3045 1306 3086 Augumentum
1332 3043 1422 3084 pretii
1451 3044 1606 3074 totorum
1633 3039 1795 3075 Montium
1814 3042 1876 3065 non
1902 3035 1943 3083 essf

1152 3091 1360 3129 approbatum
1385 3112 1392 3125 ‚
1412 3085 1463 3118 sed
1491 3087 1647 3117 toleratur
1674 3083 1796 3114 ratione
1823 3075 1941 3119 publici

1148 3133 1343 3166 Commercii
1355 3133 1430 3171 Cap.
1447 3136 1475 3164 8.
1496 3141 1526 3164 n.
1540 3141 1598 3172 30.
1610 3131 1638 3164 ἃ
1652 3129 1717 3169 Cap
1733 3130 1780 3159 16.
1805 3134 1835 3154 n.
1852 3132 1901 3206 ιιι.

1817 3174 1860 3210 So
1878 3188 1893 3198 ·
