2300 3547
382 193 446 260 58

411 258 500 294 creti
514 261 742 302 preventive
760 259 823 292 lati
839 258 880 293 ab
896 271 937 294 eo
953 261 990 293 in
1005 258 1209 297 astisinter-

410 307 527 353 posito
542 335 551 343 .

333 367 382 397 :20
412 358 548 396 Rursus
559 357 802 404 depofitis¹per
818 357 1074 394 Reverendam
1085 357 1212 393 Came-

410 420 488 446 ram
504 412 539 444 in
560 409 664 444 Sacro
683 410 810 444 Monte
823 408 966 444 Pietatis
983 411 1141 454 pecuniis
1157 408 1214 445 de-

408 457 489 494 bitis
521 460 593 494 illis
609 461 788 494 Montiitis
802 461 882 504 ‚qui
897 457 977 503 passi
992 460 1071 494 sunt
1087 458 1213 494 Extra,

410 506 571 544 ‹stione'm
602 510 783 544 Locorum
812 510 1026 556 Montium,
1051 521 1140 544 onus
1166 511 1213 543 eit

412 559 587 603 isaepeditfti
603 559 762 606 Capserii
786 561 965 594 conficere
980 558 1135 594 Ordines
1150 560 1213 593 ἐτι-ι

411 610 541 644 :faciem
560 608 771 648 eorumdem
787 610 1042 644 Montistarum
1058 635 1070 651 ,
1083 608 1141 643 seii
1155 621 1213 643 eo—

409 670 494 694 rum
513 659 790 695 procuratorum
802 685 814 700 ,
829 672 982 706 quorum
996 662 1124 707 vigore
1134 670 1215 693 con-

407 708 544 756 signari
561 712 678 745 valeat
692 712 850 756 pretium
865 711 1044 745 scutorum
1056 719 1215 747 centum,

408 761 444 794 &
460 773 533 795 non
551 763 648 800 ultra
661 786 674 802 ,
701 759 797 806 quod
813 772 831 794 a
847 759 1002 799 Camera
1017 761 1212 798 restituitur

408 821 477 853 pro
506 810 654 858 singulis
674 810 780 845 Locis
796 811 981 845 Montium
1009 808 1176 844 extractis
1203 823 1214 848 3

327 870 380 899 -21
411 859 454 894 Et
471 860 780 907 quemadmodum
796 859 1009 895 Reverenda
1025 859 1213 898 Came-ra.)

408 921 482 945 non
500 910 603 946 aliter
619 912 701 946 facit
720 910 934 957 Depositum
949 936 962 952 ,
983 909 1046 945 nisi
1064 922 1145 944 cum
1160 910 1214 943 iis-

407 960 491 995 dem
507 960 671 1000 nexibus,
685 963 719 995 &
734 961 890 996 vinculis
905 962 1080 995 contentis
1095 961 1130 994 in
1143 959 1215 993 Co-

406 1010 543 1045 dicibus
559 1011 794 1054 Secretariae,
808 1015 896 1045 acin
915 1012 1045 1048 Literis
1058 1010 1216 1045 Patenti-

407 1060 473 1094 bus
501 1061 808 1098 concernentibus
826 1061 919 1097 Loca
941 1060 1126 1096 Montium
1154 1073 1215 1094 ex-

409 1109 516 1145 tracta
531 1135 544 1151 ‚
571 1114 618 1146 ita
652 1109 670 1143 *a
685 1110 855 1157 Capserio
881 1113 1091 1159 regulantur
1109 1109 1215 1143 Ordi-

408 1172 471 1195 nes
487 1162 854 1207 proportionabiliter
870 1161 912 1196 ad
925 1163 1143 1196 Libertatem
1157 1186 1168 1201 ‚
1181 1162 1215 1194 8<

409 1211 453 1245 ad
467 1209 627 1247 Vincula
643 1238 655 1254 2
677 1212 801 1258 quibus
815 1211 905 1248 dieta
921 1213 1015 1247 Loca
1030 1212 1214 1246 Montium

412 1261 571 1297 extracta
585 1274 686 1298 erant
703 1261 849 1308 subjecta
866 1290 874 1298 .

332 1321 380 1359 ‚23
411 1310 463 1345 Eo
474 1312 593 1348 ferme
609 1313 683 1358 ipso
698 1339 709 1355 2
723 1313 816 1360 quod
827 1313 914 1349 tales
929 1311 1082 1347 Ordines
1096 1320 1215 1346 extra-

408 1361 544 1398 duntur
575 1364 782 1406 Montistis,
806 1364 864 1398 sen
892 1374 1020 1398 eorum
1043 1362 1214 1397 Procura-

406 1414 546 1449 toribus
575 1413 774 1458 specialiter
802 1414 844 1450 ad
881 1413 914 1448 id
942 1414 1119 1459 deputatis
1147 1423 1213 1456 per

404 1461 711 1511 Chirographum
741 1464 1038 1500 Administratori
1066 1474 1214 1509 genera-

403 1513 432 1546 li
461 1513 709 1551 exhibendum
727 1541 739 1556 ‚
765 1517 798 1549 8<
827 1511 1127 1560 ponderandum,
1154 1524 1214 1545 an-

403 1573 577 1598 notantur
606 1575 671 1611 per
690 1564 902 1610 Capserium
927 1565 1078 1599 succinte
1102 1561 1215 1596 iidem

404 1611 552 1650 ordines
581 1615 616 1651 in
647 1627 762 1661 parvo
790 1615 925 1649 Codice
953 1614 994 1649 ad
1010 1612 1214 1649 evitandam

325 1673 378 1715 24
406 1661 675 1701 Confusionem
692 1691 704 1706 ,
732 1667 765 1699 &
789 1667 1006 1711 duplicatam
1030 1663 1213 1698 Ordinum

403 1711 756 1760 Confignationem3
783 1717 846 1750 Ast
875 1719 1040 1762 quoniam
1071 1727 1142 1749 non
1162 1725 1214 1747 ra-

401 1775 445 1797 ro
472 1767 655 1810 contigit,
693 1767 785 1812 quod
816 1766 908 1800 Loca
939 1767 1122 1800 Montium
1152 1776 1214 1798 ex-

400 1812 511 1849 tracia
528 1815 605 1850 sunt
620 1815 959 1852 obnoxfiaVinculo
976 1817 1213 1850 Investimen-

399 1865 428 1903 ti
444 1877 511 1913 pro
532 1867 748 1911 Multiplici)
762 1893 775 1908 ,
803 1865 1084 1902 fideicommiffo
1101 1891 1113 1907 ,
1142 1865 1213 1900 Ce-

324 1922 374 1957 ,25
404 1915 602 1951 lebratione
628 1917 816 1953 Musarum
842 1944 854 1959 ,
881 1918 1022 1963 aliisque
1050 1917 1175 1963 legatis
1200 1943 1213 1959 ‚

402 1964 483 1999 ideo
513 1970 706 2012 apponitur
738 1970 773 2002 in
803 1966 941 2006 Ordine
974 1969 1032 2002 lex
1062 1967 1210 2001 Investi-

402 2017 516 2049 menti
559 2017 711 2052 faciendi
744 2030 827 2053 cum
855 2019 975 2054 iisdem
1006 2017 1174 2052 Vinculis
1200 2044 1213 2059 ,

331 1120 382 1151 ,32

399 2066 526 2111 quibus
543 2066 665 2102 eadem
692 2068 785 2102 Loca
802 2070 988 2103 Montium
1016 2070 1212 2114 originarie

325 2115 376 2154 26
402 2125 504 2149 erant
532 2116 685 2160 subjecit
716 2144 727 2158 2
755 2120 788 2152 δέ
816 2120 966 2165 quilibet
994 2117 1095 2153 Ordo
1123 2116 1211 2152 obsi-

402 2174 534 2211 gnatur
563 2168 604 2201 ab
647 2168 974 2210 Administratore‚
1014 2168 1086 2202 sine
1113 2167 1212 2212 cnjus

400 2215 657 2261 subscriptione
687 2220 800 2253 inanis
818 2244 828 2258 ,
855 2230 957 2264 atque
978 2220 1115 2253 inutilis
1133 2219 1210 2253 red-

329 2275 380 2317 27
408 2267 559 2301 deretur
578 2292 590 2309 ,
616 2269 695 2313 qnia
720 2281 783 2303 uec
801 2269 1032 2309 provisores,
1058 2280 1122 2302 nec
1138 2268 1210 2303 De-

409 2315 598 2362 positarius
627 2320 722 2353 §aiei-i
753 2320 892 2354 Montis
937 2319 1080 2354 Pietatis
1118 2320 1212 2353 snm·

402 2378 501 2400 mam
530 2371 566 2402 in
592 2367 787 2404 Ordinibus
814 2380 1020 2405 contentam
1049 2370 1210 2403 exsolve-

401 2427 512 2459 rent,
549 2430 659 2462 prout
688 2419 920 2467 obsignantur
947 2422 1052 2454 etiam
1081 2419 1122 2453 ab
1151 2431 1210 2453 eo-

397 2466 482 2501 dem
505 2467 809 2504 Administratore
827 2470 983 2505 Ordines
1010 2472 1210 2516 importan-

399 2526 451 2551 tes
478 2516 694 2553 solutionem
728 2520 907 2556 fruetuum
924 2547 934 2555 .

316 2567 370 2604 <28
399 2565 486 2600 Non
514 2579 720 2616 repugnat,
756 2571 850 2616 quod
879 2571 1070 2616 Capserius
1106 2567 1209 2615 possit

401 2627 471 2651 uno
500 2621 697 2665 eodemque
735 2630 901 2665 ternpore
930 2622 1065 2666 duplex
1082 2632 1209 2655 munus

396 2679 569 2704 exercere
598 2671 633 2704 in
651 2669 844 2706 Secretaria
862 2673 1045 2706 Montium
1061 2697 1073 2712 ,
1098 2672 1132 2705 8<
1147 2671 1207 2705 Sa-

401 2717 534 2753 larium
568 2721 713 2769 utrique
742 2722 890 2756 Mnneri
918 2724 953 2756 in
978 2720 1114 2756 Rotulo
1142 2719 1210 2755 assi.

404 2777 554 2813 gnatum
596 2772 784 2816 percipere
811 2797 824 2813 ,
870 2772 1209 2818 quemadmodum-2

401 2819 618 2862 praticatum
634 2820 815 2856 vidimusa
832 2821 914 2857 bon.
932 2834 1043 2857 mem.
1060 2823 1156 2857 Panlo
1170 2823 1208 2854 de

400 2868 465 2900 Leo
491 2892 504 2908 ,
542 2870 601 2913 qui
631 2872 808 2916 quousque
836 2875 954 2912 vixit,
992 2872 1133 2907 fufidius
1162 2873 1209 2906 est

401 2928 554 2952 munere
582 2916 743 2964 Capserii
758 2946 770 2961 ,
797 2923 830 2955 8<
848 2934 916 2954 una
933 2921 1036 2956 simul
1059 2935 1208 2957 munere

404 2965 644 3003 Broliardistae
676 2981 823 3015 accepto
840 2970 974 3005 Salario
1003 2974 1142 3019 utrique
1158 2974 1209 3007 os-

405 3016 486 3049 ficio
500 3019 801 3065 correspondente
816 3049 825 3057 .

328 3073 380 3109 ἃς)
408 3064 565 3110 Oportet
607 3080 644 3105 ut
685 3080 981 3116 praememoratus
1021 3069 1208 3115 Capserins

406 3114 449 3150 sit
473 3117 580 3161 plene
606 3119 747 3157 edorftus
771 3122 813 3157 de
829 3121 928 3156 Taxa
943 3122 1210 3155 emolumento-

403 3177 489 3203 sum
503 3169 818 3213 percipiendorum
831 3173 867 3208 in
879 3172 1025 3220 singulis
1039 3171 1188 3208 Actibus
1198 3198 1212 3216 ³

1300 772 1341 807 31

1296 1579 1340 1619 33

1296 1928 1343 1969 34

588 185 876 243 CAPUT
918 186 1363 247 DECIMVM
1415 185 1878 243 TERTIVM.

1368 258 1402 292 &
1427 271 1494 293 una
1522 259 1626 293 simul
1655 257 1697 292 de
1713 258 1979 306 nyloiiiolente
1994 259 2029 293 in
2044 258 2162 296 Secre-

1368 311 1455 343 taria
1525 310 1638 354 quoad
1703 312 1973 355 exemptionem
2016 309 2163 356 alicujus

1367 357 1570 393 Cardinalis
1597 359 1631 392 ὃ(
1650 357 1812 394 Praeiuiis
1841 360 2049 394 alolutione
2063 360 2165 396 dieto-

1372 421 1453 443 rum
1478 408 1845 449 Eniolumentorun13
1871 411 2050 457 Qoniam
2075 409 2164 445 Gar-

1373 459 1499 494 dinalis
1529 458 1650 502 Nepos
1680 457 1878 505 Regnantis
1894 460 2075 496 Pontificis
2100 461 2164 495 du-

1372 520 1472 543 rante
1489 507 1700 550 Ponticam,
1726 510 1856 556 gaudet
1871 513 2099 556 exemptione
2113 512 2165 545 fi>-

1371 560 1517 593 lutionis
1544 560 1640 592 illius
1667 561 1928 603 emolumenti,
1953 559 2045 606 qnod
2067 562 2086 607 ζ
2116 561 2165 595 se-

1371 619 1468 643 mota
1494 610 1735 655 praerogativa
1751 609 1903 655 Nepotis
1926 609 2165 658 sanctissimi)

1370 660 1545 695 exolvere
1558 657 1703 694 deberet
1716 661 1929 705 acquirendo
1945 661 2038 695 Loca
2054 662 2161 695 Mon-

1370 712 1485 750 tium,
1510 708 1566 744 sed
1594 709 1617 743 st
1645 709 1709 744 illa
1736 709 1907 757 resignari
1922 711 1978 745 seu
1995 712 2165 746 tranferri

1372 762 1583 807 contingat,
1609 771 1681 795 non
1707 761 1753 794 est
1772 760 1886 795 Locus
1913 763 2138 805 exemptioni
2155 788 2164 795 .

1371 810 1503 846 Eadem
1532 822 1670 858 quoque
1697 813 1927 856 exemptione
1954 812 2080 857 gaudet
2097 813 2167 856 qui-

1370 861 1458 896 libet
1485 858 1689 896 Cardinalis
1704 886 1716 902 ,
1741 864 1800 907 qui
1829 873 1893 906 per
1909 871 2010 895 antea
2026 861 2164 895 functus

1370 913 1417 945 est
1447 923 1598 947 munere
1626 910 2082 952 Theiaurari'i'Generalis,
2108 910 2166 945 sed

1371 963 1555 1007 exemptio
1583 963 1700 998 isthaec
1716 974 1787 996 non
1807 963 1853 996 est
1868 962 2053 997 indefinita
2071 987 2083 1002 ‚
2109 960 2166 995 sed

1373 1010 1500 1046 arctata
1536 1012 1578 1048 ad
1618 1013 1728 1048 solam
1755 1011 2022 1059 acquisitionem
2052 1011 2167 1046 Loco-

1372 1074 1452 1095 rum
1477 1061 1684 1103 Montium,
1710 1073 1817 1106 prout
1843 1064 1889 1096 est
1918 1073 2105 1106 exemptus
2132 1074 2168 1097 e-

1371 1115 1456 1147 tiam
1473 1111 1491 1145 *a
1506 1111 1682 1146 solutione
1705 1110 1871 1156 praedicta
1885 1111 2085 1147 Cardinalis
2100 1124 2167 1156 pro

1373 1173 1538 1207 tempore
1564 1162 1797 1197 Camerarius
1824 1161 2080 1202 Thesaurarius
2096 1161 2169 1196 Ge-

1374 1214 1531 1254 neralis,
1555 1211 1825 1247 commissarius
1849 1211 2012 1246 Camerae
2028 1237 2039 1253 ,
2078 1211 2169 1246 Tres

1372 1262 1545 1298 substituti
1561 1262 1802 1298 Commiffarii
1813 1287 1826 1303 2
1840 1261 2084 1297 Ratiocinator
2099 1261 2170 1295 Ca-

1372 1324 1508 1353 meme,
1533 1314 1567 1347 &
1596 1311 1749 1349 tamdem
1780 1311 2027 1347 Ratiocinator
2057 1313 2170 1347 Loco·

1372 1375 1497 1397 corum
1527 1363 1712 1398 Montium
1743 1364 1779 1397 in
1808 1364 1883 1397 vim
1910 1363 2069 1408 specialis
2098 1361 2169 1397 Re-

1369 1415 1491 1458 scripti
1518 1411 1703 1449 novissime
1718 1414 1899 1457 impetrati
1926 1413 1944 1451 a
1971 1413 2171 1450 Thesaura-

1370 1466 1425 1499 rio
1454 1475 1522 1508 pro
1550 1474 1741 1510 tempore,
1767 1475 1870 1509 atque
1896 1463 2037 1498 exhibti
2056 1464 2091 1497 in
2106 1462 2167 1497 Se-

1368 1517 1515 1549 cretaria
1529 1513 1548 1547 'a
1563 1513 1831 1549 Ratiocinatore
1847 1513 2069 1559 Appolloni,
2084 1514 2168 1548 licet

1373 1576 1456 1600 tunc
1487 1566 1663 1609 temporis
1677 1563 1905 1602 Camerarius
1934 1563 1996 1598 fibi
2022 1562 2171 1599 suadens

1368 1613 1524 1662 gaudere
1535 1617 1765 1661 exemptione
1780 1616 1814 1649 in
1827 1613 2096 1660 quocumq3atstn
2110 1626 2171 1647 ex-

1370 1664 1505 1712 plendo
1533 1667 1569 1699 in
1584 1665 1776 1700 Secretaria
1792 1666 1977 1699 Montium
2001 1665 2171 1698 obtinuis-

1369 1718 1417 1751 1et
1432 1742 1443 1757 ,
1471 1727 1506 1751 ut
1534 1717 1797 1750 transferentur
1813 1718 1935 1749 onmia
1951 1715 2044 1748 Loca
2062 1715 2171 1749 Mon-

1371 1769 1463 1801 tium
1492 1768 1786 1812 provenientium
1803 1766 1844 1799 ab
1861 1763 2070 1799 Hereditate
2091 1763 2171 1798 Cla.
2220 1762 2225 1768 ”

1369 1817 1484 1852 Mem.
1529 1816 1704 1861 Principis
1734 1816 1956 1862 Hieronymi
1973 1814 2171 1859 pamphilii

1368 1868 1418 1902 sui
1436 1866 1605 1902 Auitoris
1620 1868 1753 1913 gratis,
1780 1868 1814 1901 &
1842 1866 1968 1912 absque
1994 1866 2172 1900 iblutione

1370 1918 1476 1952 ullius
1504 1918 1742 1954 emolumenti
1770 1917 1895 1951 Mense
1920 1915 2016 1954 Julio
2037 1915 2171 1960 1762:

1366 1967 1501 2002 Caeteri
1530 1967 1632 2002 Vero
1660 1966 1775 2001 Santae
1799 1965 1971 2000 Romanae
2000 1964 2169 1998 Ecclesiae

1365 2016 1577 2052 Cardinales
1604 2018 1689 2052 dum
1717 2028 1927 2061 comparant
1946 2015 2168 2049 Loca'Mon-

1367 2071 1456 2102 tium
1473 2068 1572 2103 nulla
1603 2070 1790 2112 potiuntur
1806 2068 2039 2111 exemptione
2056 2092 2065 2099 .
2093 2063 2171 2100 Ve-

1367 2130 1447 2153 rum
1464 2121 1509 2153 est
1533 2129 1651 2152 tamen
1668 2144 1681 2159 ,
1707 2116 1801 2163 quod
1828 2118 1951 2162 aliquis
1967 2115 2172 2150 Cardinalis

1365 2181 1407 2202 eo
1424 2171 1496 2213 ipio
1512 2194 1524 2208 ,
1551 2167 1645 2214 quod
1659 2169 1840 2214 acquirere
1857 2168 1934 2201 vult
1952 2166 2045 2199 Loca
2062 2166 2172 2200 Mon-

1365 2221 1455 2253 tium
1467 2244 1478 2259 ,
1491 2220 1701 2264 quandoque
1713 2216 1881 2264 efflagitat
1896 2217 1914 2252 'a
1932 2216 2172 2251 Thelaurario

1365 2281 1433 2314 pro
1462 2281 1625 2315 tempore
1640 2269 1793 2316 gratiam
1823 2268 2066 2312 exemptionis
2083 2265 2100 2301 *a
2116 2267 2169 2301 so-

1367 2321 1505 2354 lutione
1544 2320 1887 2354 Emolumentorum
1926 2342 1937 2357 ,
1983 2328 2169 2361 eanith,

1368 2382 1439 2404 non
1466 2382 1545 2405 raro
1560 2370 1698 2404 obtinet
1713 2393 1724 2409 ‚
1750 2367 1805 2402 sed
1820 2377 1996 2415 oportet)
2019 2377 2054 2401 ut
2070 2366 2170 2399 The-

1364 2421 1537 2456 saurarius
1552 2432 1624 2455 non
1640 2418 1854 2455 verberemus
1869 2442 1881 2457 ,
1902 2416 1994 2450 bene
2020 2415 2110 2450 verr)
2131 2417 2168 2450 in

1366 2470 1506 2516 scriptis
1551 2468 1694 2505 mandet
1719 2465 2018 2502 Administrzitori
2047 2464 2169 2500 Gene-

1366 2521 1432 2555 rali
1456 2546 1467 2561 ‚
1508 2529 1678 2566 quatenus
1706 2516 1914 2564 Resignatio
1944 2516 2164 2550 Locorum

1367 2571 1577 2612 Montium,
1604 2580 1683 2616 quae
1704 2566 1884 2612 explenda
1911 2568 1957 2602 est
1985 2568 2108 2602 favore
2123 2567 2169 2600 il-

1369 2621 1436 2655 lius
1466 2619 1672 2656 Cardinalis
1699 2615 1906 2653 admittatur
1947 2619 2059 2664 gratis
2083 2641 2095 2657 ,
2135 2628 2168 2649 a-

1368 2672 1432 2705 lias
1458 2672 1517 2705 vel
1545 2683 1618 2706 non
1646 2667 1875 2708 admittitur,
1902 2669 1961 2702 vel
1991 2667 2167 2710 temporis

1364 2719 1510 2755 decursu
1550 2720 1709 2766 pulsatur
1738 2718 1936 2753 Haereditas
1964 2716 2168 2751 Cardinalis

1366 2770 1529 2816 praedicti
1556 2770 1598 2806 ad
1625 2770 1841 2806 solutionem
1865 2767 2042 2802 diciorum
2058 2766 2166 2800 Emo-

1366 2822 1649 2862 lumentorum,
1676 2829 1783 2865 prout
1823 2815 2008 2854 novissime
2048 2815 2165 2851 adacta

1369 2873 1417 2906 est
1430 2870 1729 2906 Haereditasclar.
1759 2868 2086 2903 nie111.Cardinalis
2114 2864 2161 2900 N.

1370 2922 1419 2955 N.
1445 2947 1457 2962 ‚
1482 2933 1560 2967 quae
1589 2919 1769 2955 mediante
1800 2918 1974 2954 Vaccario
1997 2916 2163 2953 Ministro

1367 2972 1539 3007 exolvere
1554 2969 1675 3005 debuit
1690 2971 1752 3004 ilia
1764 2972 1882 3003 onmia
1898 2970 2139 3004 emolumenta
2152 2990 2163 3005 ,

1366 3034 1519 3067 quorum
1549 3021 1707 3056 debitrix
1746 3019 1936 3064 apparebat
1965 3020 1999 3051 in
2027 3014 2162 3049 Codice

1370 3072 1602 3112 Secretariae,
1628 3069 1763 3104 tametsi
1790 3068 1824 3105 d.
1845 3068 2036 3104 Vaccarius
2060 3064 2161 3098 affer-

1369 3121 1467 3156 visset
1479 3121 1689 3166 praediolum
1704 3119 1933 3155 Cardinalem
1959 3116 2066 3150 Millo
2082 3114 2162 3148 fuis-

1369 3173 1401 3213 se
1417 3173 1434 3207 a
1452 3173 1511 3209 tali
1525 3172 1699 3209 solutione
1714 3170 1944 3215 dispensatum
1961 3165 2047 3252 juissu
2062 3164 2161 3199 The·

2012 3227 2111 3251 aura-³
