2300 3547
97 513 152 540 ⁴10

103 863 147 887 11

99 1603 122 1638 ἰ
128 1609 152 1636 ·2

108 1863 148 1898 ³3

108 2210 157 2247 14

116 2899 166 2935 16

669 171 952 233 CAPUT
984 173 1339 231 NoNztm:
1789 185 1860 245 43

182 253 391 288 remaneant
413 243 456 282 ad
469 241 700 281 commodum
712 241 747 278 d.
763 243 930 280 Instantis
944 258 979 280 a-

179 301 299 348 liaque
313 302 348 335 in
369 294 554 342 Praemiffis
571 292 733 343 requisita
748 294 848 329 faciat
860 319 873 335 ‚
885 295 980 331 fieri-

183 362 252 398 que
278 357 398 384 curet.
425 345 605 394 Qioniam
634 344 801 380 stantibus
820 345 979 389 supradi-

178 400 242 435 ‹stis
255 398 369 433 literis
384 395 636 438 Patentibus‚&
650 394 746 439 lapsu
762 392 900 429 Biennii
911 396 977 431 &m

177 448 279 485 Idem
308 443 558 482 Illustrissimus
572 445 619 480 D.
635 445 869 480 Thesauraius
895 447 978 480 ita-0

178 497 361 534 mandavit
377 496 440 531 hac
454 496 509 531 die
523 522 534 532 .
548 523 557 532 .
572 523 582 532 .
598 523 606 531 .
623 493 833 530 Notandum
843 495 937 541 quod
952 495 976 530 fi

174 547 454 596 praeterlapsum
470 558 542 581 non
563 545 603 582 sit
618 545 808 581 Biennium
821 547 867 580 est
884 556 977 589 prae-

176 597 296 634 standa
323 596 462 632 Cedula
491 596 657 632 Bancaria
684 595 831 641 alicujus
853 594 977 630 idonei

173 649 394 684 Mei-catoris
408 673 420 688 ,
445 646 489 682 de
516 659 583 694 qua
612 648 690 681 fieri
717 645 821 680 debet
837 647 976 680 mentio

174 701 213 734 in
233 696 406 733 Mandato
421 713 432 736 ;
459 696 588 742 Elaplb
621 706 739 731 tamen
755 695 902 730 Biennio
917 695 975 730 de-

175 749 271 784 letur
296 747 384 784 dieta
394 746 562 782 Clausula
574 746 743 780 Dummodo
763 746 887 792 absque
898 757 976 791 pre·

176 799 324 834 statione
339 796 486 833 Cedulae
510 796 688 832 Bancariae
704 822 713 831 .

181 848 404 884 Recusarunt
431 847 639 895 quandoque
654 844 792 885 Iudices
815 857 974 892 appone-

164 905 218 933 *re
233 897 451 935 inMaudatis
467 899 507 944 ly
524 896 747 936 verbum,seu
764 894 975 942 adjectivum

177 948 286 982 Idonei
309 948 461 982 volitum
477 958 519 981 ex
538 945 729 992 praehabita
747 945 977 982 Constitutio-

175 1010 248 1039 ne,
275 997 434 1042 ajentes,
459 996 551 1043 quod
569 998 683 1032 testari
712 1008 783 1032 non
808 1007 975 1043 poterant

174 1047 219 1082 de
235 1046 431 1083 Idoneitate
445 1049 541 1082 illius
559 1048 846 1094 Mercatoris,qui
861 1046 976 1083 Cedu-

175 1098 250 1132 lam
281 1098 484 1147 Baricariam
513 1098 750 1141 expleverat,
777 1109 886 1144 quum
914 1110 976 1134 ex-

174 1141 353 1194 perientia
380 1159 608 1192 compertum
632 1147 764 1187 fuerit,
791 1147 884 1193 quod
913 1149 977 1183 ali-

174 1200 252 1243 quiz
270 1199 451 1233 Mercator
468 1197 550 1230 licet
570 1199 606 1231 in
624 1194 723 1230 Urbe
738 1195 818 1240 plus
832 1222 846 1238 ‚
870 1210 977 1245 quam

174 1247 327 1282 Idoneus
354 1248 597 1281 communiter
627 1256 811 1291 reputatus
839 1273 851 1288 ,
890 1258 977 1284 atta-

174 1309 259 1332 men
276 1298 381 1343 paulo
411 1298 485 1341 post
499 1295 688 1331 dsscoxerat
701 1322 713 1337 ‚
743 1297 800 1332 sed
817 1299 977 1334 recusan-

175 1346 269 1383 tibus
287 1346 641 1383 Administratoribus
666 1350 795 1392 exequi
809 1347 978 1384 Mandata

176 1395 236 1432 dd.
278 1397 441 1437 Judiciini
483 1396 554 1432 sine
581 1407 780 1443 praenotato
805 1398 978 1443 adjectivo

176 1448 317 1490 Idam,
342 1449 551 1493 opportuit,
590 1460 623 1482 ut
655 1445 792 1486 Judices
818 1447 978 1492 praedicti

175 1496 269 1533 illud
283 1499 535 1545 usurparentur
546 1500 583 1533 in
595 1497 774 1533 Mandatis
785 1499 819 1533 &
833 1499 978 1546 acquiess

177 1559 301 1583 cerent
315 1574 324 1584 .
810 1577 816 1582 .

180 1597 380 1634 Praenotata
410 1598 576 1635 Clausula
603 1598 774 1634 Dummodo
792 1597 917 1647 Poffigffio
931 1598 978 1644 fit

178 1649 300 1692 Vacanr
312 1675 325 1690 ,
351 1648 468 1693 &fine
479 1649 678 1696 praejztdicio
705 1649 893 1685 habencmm
909 1663 972 1685 me-

175 1700 290 1741 liora,
316 1698 357 1734 Εἰ
380 1703 509 1745 potiora
525 1701 609 1736 Iura
624 1699 725 1735 debet
754 1701 892 1747 semper
921 1712 980 1746 ap-

177 1751 292 1794 poni„
320 1748 390 1784 sive
408 1748 577 1786 Immissio
602 1749 815 1786 comedatur
845 1749 979 1797 haeredi

176 1798 219 1833 ab
238 1801 404 1835 intestato
422 1799 495 1835 sive
510 1813 553 1835 ex
571 1801 826 1842 Testament0,'
849 1814 892 1836 ex
909 1812 979 1847 quo

180 1860 244 1893 per
273 1849 374 1884 illam
403 1851 438 1884 in
470 1851 571 1886 Locis
599 1851 782 1885 Montium
803 1852 980 1887 inducitur

182 1898 384 1934 Vinculum
400 1925 411 1941 ,
425 1901 518 1946 quod
535 1899 557 1934 si
573 1903 664 1935 intra
681 1900 869 1936 Biennium
885 1913 981 1936 com-

179 1959 305 1994 pareat
334 1950 458 1995 aliquis
476 1949 602 1986 Haeres
617 1963 661 1985 ex
678 1951 906 1987 Testamento
921 1952 981 1987 vel

178 1998 222 2033 ab
236 1999 401 2034 Intestato
416 2000 550 2035 habens
566 2003 703 2046 potiora
722 2000 794 2045 iura
808 2004 847 2037 in·
868 2003 982 2036 haere-

177 2047 290 2084 ditate
318 2050 441 2091 illius,
467 2049 485 2085 Ξι
513 2063 581 2096 quo
607 2055 825 2096 proveniunt
854 2051 980 2087 Loca-

179 2099 367 2135 Montium
382 2126 393 2141 ‚
424 2100 540 2135 eidem
555 2100 631 2136 dari
661 2102 776 2137 valeat
793 2101 957 2137 immissio
971 2127 983 2143 ‚

179 2161 217 2184 ac
246 2150 458 2185 Mandatum
485 2150 528 2186 de
559 2151 804 2187 transferendo
832 2153 982 2197 expulso

182 2201 251 2234 alio
280 2199 430 2235 immisso
455 2227 467 2243 ,
492 2213 574 2236 cum
600 2203 631 2238 d.
646 2201 799 2249 Clotficla
825 2202 982 2237 dummodo

183 2251 356 2295 importet
373 2253 559 2289 vinculum
576 2278 589 2294 ‚
617 2264 653 2287 ut
670 2256 818 2289 durante
836 2252 983 2288 Biennio

183 2300 278 2334 Loca
305 2301 491 2337 Montium
521 2304 669 2338 debeant
698 2307 783 2338 stare
797 2299 919 2337 affecta
934 2303 983 2337 fa-

182 2360 273 2383 vore
290 2349 495 2385 habentium
511 2354 661 2388 meliora
676 2379 688 2394 ,
716 2356 749 2389 &
778 2358 917 2398 potiora
931 2352 982 2397 ju-

182 2410 222 2432 ra
239 2400 342 2443 super
360 2400 430 2433 illis
458 2412 501 2436 ex
518 2401 747 2437 Testameuto
761 2427 773 2442 ,
798 2405 858 2438 vel
875 2405 915 2438 ab
932 2406 985 2438 in-

181 2449 310 2482 testato
338 2450 460 2483 favore
488 2452 641 2486 aliorum
669 2464 838 2498 quatenus
861 2464 986 2488 extent

186 2498 258 2534 Rat.
288 2498 386 2544 deeris:
405 2509 488 2545 337.
515 2514 546 2536 n.
568 2513 625 2546 19.
650 2514 712 2537 cor.
729 2502 825 2538 Priol.
851 2504 885 2539 &
901 2502 943 2537 sic
960 2501 984 2536 fi

184 2551 279 2584 intra
296 2549 486 2584 Biennium
500 2562 704 2596 compareat
722 2553 848 2599 aliquis
870 2553 984 2588 haeres

183 2601 245 2635 vel
265 2599 471 2647 Legatarius
486 2600 670 2637 ostendens
688 2602 781 2637 Loca
798 2605 985 2639 Montium

187 2648 230 2684 ad
256 2650 289 2684 se
319 2649 470 2694 spectare
488 2648 556 2686 Ille
582 2654 642 2698 qui
669 2653 825 2689 obtinuit
853 2653 986 2688 immis-

184 2698 320 2735 sionem
336 2712 417 2735 cum
437 2702 469 2736 d.
484 2700 651 2738 Clausala
664 2703 822 2738 dummodo
837 2704 911 2739 &tu
928 2704 986 2739 vel

185 2751 276 2784 alter
316 2750 357 2785 ab
397 2751 462 2786 illo
491 2751 644 2788 Cauiam
676 2754 808 2790 habens
836 2763 978 2789 tenetur

185 2800 250 2834 illa
278 2801 458 2836 restituere
487 2814 574 2838 vero
601 2803 735 2839 haeredi
756 2830 767 2846 ‚
798 2804 988 2851 Legatario

189 2851 249 2884 vel
265 2851 369 2885 alteri
383 2852 578 2888 ostendenti
595 2855 742 2889 meliora
759 2880 770 2895 ‚
798 2856 832 2889 8<
847 2856 988 2899 potiora

192 2897 266 2943 jura
280 2911 323 2934 ex
338 2913 408 2947 quo
434 2903 630 2945 huiusmodi
646 2903 814 2940 Clausala
837 2905 988 2939 statim-2

192 2961 229 2983 ac
244 2960 428 2993 comparet
449 2955 572 2999 aliquis
587 2980 598 2995 ‚
624 2957 682 3000 qui
697 2954 798 2990 docet
815 2951 990 2990 successio-

192 3011 275 3034 nem
291 2998 374 3036 adse
389 3001 542 3046 spectare
557 3016 726 3050 operatur
740 3015 777 3041 ut
791 3005 989 3041 resolvatur

193 3047 354 3085 Posseffio
380 3052 485 3088 alteri
507 3054 587 3089 data
603 3079 615 3095 ‚
639 3057 673 3091 &
701 3065 883 3092 remaneat
914 3053 987 3089 sine

192 3095 319 3133 effectu
336 3125 346 3140 ,
373 3112 408 3134 ac
427 3100 448 3135 si
465 3115 657 3145 numquam
673 3106 751 3141 data
766 3106 878 3142 fuisset
896 3106 991 3140 savo-

195 3160 236 3189 re
262 3148 470 3190 habentium
494 3152 672 3196 meliora,
695 3158 730 3192 ὃς
758 3156 891 3201 majora
907 3153 924 3194 J
931 3167 992 3191 ura

1063 556 1108 592 Ι7

1064 897 1108 931 18

1078 1861 1122 1896 19

1075 2161 1125 2186 20

1138 238 1211 280 Ro‘t.
1221 246 1318 289 decis]
1330 255 1414 291 292.
1430 257 1460 281 n.
1468 248 1527 290 fin.
1541 258 1603 282 cor.
1620 246 1708 293 Ceffii
1730 247 1825 295 decas
1846 259 1887 282 10
1897 254 1931 285 1.'

1134 308 1165 331 u.
1189 295 1232 328 16
1240 321 1249 328 .
1256 295 1324 341 post
1337 293 1428 330 Torr.
1443 296 1480 328 de
1491 297 1579 340 pao.
1588 296 1819 343 filtra-succes:
1832 299 1930 344 decis:

1139 355 1222 390 323.
1237 358 1267 380 n.
1284 357 1316 391 7.
1328 354 1424 390 part.
1453 353 1506 385 15.
1530 357 1632 385 recem
1646 347 1734 392 Qiae
1749 348 1929 383 conclusio

1134 393 1297 440 procedit
1313 398 1419 431 etiam
1434 421 1445 436 ‚
1471 395 1610 442 quaudo
1635 396 1800 432 habentes
1815 399 1930 442 potio-

1136 457 1173 480 ra
1197 445 1271 490 jura
1296 458 1366 481 nou
1382 443 1596 490 possidebant
1617 444 1660 480 de
1682 457 1840 490 tempore
1855 449 1930 492 pos-

1131 494 1282 530 sessionis
1296 522 1308 537 ,
1333 498 1367 531 &
1387 494 1614 532 Immissionis
1628 495 1795 530 concessae
1813 497 1933 534 Alteri

1135 557 1217 580 cum
1235 545 1268 580 d.
1283 545 1450 582 Clausula
1478 547 1645 581 Dummodo
1659 572 1671 587 ,
1693 559 1774 581 cum
1804 547 1868 581 hoc
1884 549 1932 582 fa-

1135 598 1203 630 ciat
1219 595 1359 642 quidem
1376 598 1468 643 quod
1480 599 1555 643 quis
1572 596 1798 644 acquisiverit
1809 597 1933 642 posses-

1135 645 1270 681 sionem
1297 645 1353 682 sed
1371 647 1609 684 resolvibileni
1626 649 1661 681 iu
1677 658 1847 682 eventum
1864 658 1934 692 quo

1135 707 1363 741 compareant
1380 697 1549 732 habentes
1574 697 1721 732 meliora
1736 723 1748 738 ‚
1774 699 1807 732 &
1821 698 1936 741 potio-

1137 758 1174 780 ra
1187 746 1270 785 Jura
1283 748 1356 794 Post.
1367 748 1405 781 a'e
1419 745 1741 792 manutenstbservat.
1753 756 1813 788 50.
1828 761 1859 782 n.
1879 756 1936 782 10..

1134 795 1278 842 ThornffI
1290 797 1409 844 demist-2,
1422 806 1450 838 5.
1464 812 1495 833 n.
1516 809 1559 832 10
1577 798 1648 832 Rot.
1662 798 1760 844 dechfi
1777 808 1835 846 72.
1852 810 1882 832 n.
1902 809 1931 833 1.

1136 859 1239 880 coram
1255 847 1286 882 S.
1302 849 1354 884 M.
1381 849 1472 883 Alex.
1495 848 1584 883 VIII.

1137 893 1302 933 Affertur
1328 899 1538 944 exemplum
1568 910 1630 943 per
1654 898 1787 934 Conna.
1813 898 1936 944 dist-ur.

1138 951 1223 982 unic.
1238 950 1275 981 de
1292 950 1364 984 Loc.
1380 951 1455 983 Ilion
1481 960 1546 985 art.
1567 949 1683 994 [fili.
1707 962 1735 983 1.
1762 962 1790 982 n.
1808 952 1868 993 98.
1884 959 1938 982 te-

1139 999 1290 1031 stantem
1319 1023 1331 1039 ‚
1371 999 1464 1045 quod
1491 999 1575 1034 dum
1604 1010 1677 1033 erat
1706 998 1939 1034 collateralis

1136 1045 1308 1090 Capitolii
1338 1059 1401 1092 per
1429 1048 1566 1085 obitum
1579 1048 1792 1093 principissae
1819 1046 1938 1083 Ludo-

1138 1095 1236 1131 visiae
1271 1096 1406 1132 Uxoris
1435 1098 1547 1134 Ducis
1576 1097 1700 1132 Adriae
1726 1098 1941 1133 concesserat

1139 1145 1349 1182 Mandatum
1376 1147 1420 1182 de
1447 1147 1678 1184 immittendo
1704 1146 1881 1182 sororibus
1903 1159 1939 1182 e-

1139 1195 1272 1241 jusdem
1300 1197 1450 1234 Duciffae
1477 1211 1558 1234 cum
1587 1197 1753 1233 Clausala
1778 1197 1940 1232 dummodo

1147 1249 1199 1281 uti
1215 1248 1416 1284 haeredibus
1431 1250 1472 1285 ab
1486 1249 1758 1293 intestatosuper
1774 1261 1844 1283 non
1861 1248 1943 1282 nul-

1140 1296 1294 1332 lisLocis
1308 1299 1491 1334 Montium
1504 1300 1546 1335 ab
1561 1301 1622 1335 illa
1638 1301 1670 1333 in
1688 1298 1760 1342 ejus
1776 1295 1942 1332 Haeredi-

1142 1356 1213 1382 tate
1243 1347 1397 1391 reliffls,
1422 1351 1478 1386 sed
1505 1363 1549 1386 ex
1579 1351 1650 1395 post
1674 1349 1759 1384 Dux
1790 1349 1944 1383 Maritus

1143 1400 1343 1443 comparuit
1359 1412 1478 1436 coram
1495 1402 1527 1437 d.
1543 1399 1762 1435 Collaterale
1777 1407 1856 1433 c'um
1876 1398 1943 1432 Te-

1143 1449 1320 1499 fiqmento
1342 1449 1495 1495 ejusdem
1513 1450 1661 1486 Duciss’ae
1676 1475 1687 1491 ,
1700 1451 1734 1484 in
1750 1461 1819 1496 quo
1834 1448 1942 1484 Uxor

1145 1497 1328 1545 legaverat
1367 1500 1400 1536 d.
1431 1501 1524 1537 Loca
1552 1502 1735 1537 Montium
1762 1500 1904 1534 Marito
1931 1524 1945 1540 ‚

1147 1560 1229 1584 cum
1259 1549 1494 1587 declaratione
1521 1554 1629 1587 etiam
1651 1548 1744 1598 quod
1772 1551 1832 1584 illa
1847 1559 1943 1582 eme-

1147 1610 1198 1633 rat
1212 1600 1292 1633 cum
1310 1604 1468 1644 pecuniis
1497 1601 1558 1636 sibi
1572 1601 1706 1636 donatis
1729 1597 1747 1632 ὲ
1762 1598 1861 1633 Duce
1877 1597 1945 1632 Vi-

1146 1660 1188 1683 ro
1201 1675 1213 1690 ‚
1233 1650 1290 1683 cui
1308 1651 1435 1686 idcirco
1449 1651 1602 1686 concessa
1622 1651 1690 1684 fuit
1706 1647 1867 1683 immissio
1883 1660 1946 1682 ex-

1147 1698 1257 1744 pulsis
1282 1700 1457 1738 sororibus
1474 1699 1623 1735 Ducissae
1651 1696 1824 1735 defunctae
1840 1724 1852 1738 ,
1866 1708 1946 1744 quse

1147 1749 1375 1787 obtinuerant
1406 1749 1655 1787 immissionem
1695 1750 1738 1783 ab
1779 1750 1942 1783 intestato

1147 1811 1228 1834 cum
1245 1800 1277 1835 d.
1306 1801 1475 1838 Clausula
1502 1802 1669 1836 Dummodo
1683 1828 1691 1836 .

1150 1850 1194 1884 Et
1221 1863 1255 1884 iu
1272 1849 1362 1887 Casu
1378 1878 1390 1893 ,
1416 1865 1484 1900 quo
1514 1851 1655 1886 dubium
1676 1860 1790 1885 vertat
1805 1863 1847 1885 au
1865 1848 1946 1883 Pos-

1149 1900 1250 1936 sess‘or
1269 1901 1450 1938 Locorum
1468 1903 1653 1938 Montium
1674 1900 1712 1935 sit
1734 1903 1838 1935 vivus
1853 1926 1863 1941 ,
1888 1909 1946 1934 aut

1150 1962 1317 1987 mortuus
1343 1953 1388 1988 ob
1417 1955 1609 2001 longevani
1626 1952 1811 1987 absentiam
1840 1964 1857 1984 a
1887 1962 1947 1993 pa-

1148 2003 1226 2037 triis
1254 2002 1414 2046 laribus,
1444 2003 1579 2039 tametsi
1605 2016 1647 2037 ex
1678 1998 1848 2035 notissima
1867 2000 1947 2046 lege

1149 2061 1272 2086 centum
1296 2067 1394 2088 annos
1409 2054 1531 2088 Homo
1555 2053 1792 2097 praesumatur
1820 2052 1947 2084 vivere

1151 2103 1256 2148 usque
1272 2103 1314 2136 ad
1329 2115 1475 2138 centum
1491 2114 1601 2139 annos
1617 2128 1628 2143 ,
1656 2112 1809 2135 attamen
1825 2098 1948 2134 admit-

1154 2154 1241 2186 titur
1270 2153 1467 2188 Transsatio
1495 2154 1674 2188 Locorum
1706 2151 1889 2185 Montium
1926 2147 1948 2181 ὲ

1149 2202 1369 2249 praesumpto
1396 2213 1539 2239 mortuo
1567 2204 1688 2238 favore
1705 2200 1947 2234 Successirum

1118 2288 1121 2291 .
1149 2253 1190 2287 ab
1217 2252 1383 2289 Intestato
1410 2256 1539 2299 vigore
1569 2251 1727 2287 Mandatss
1745 2249 1874 2290 Iudicis
1903 2261 1949 2284 no

1079 2815 1122 2840 21

1149 2303 1234 2338 dum
1254 2315 1335 2338 cum
1359 2304 1511 2341 clausula
1523 2303 1685 2339 Dummodo
1696 2301 1765 2335 &a
1778 2301 1948 2335 sedetiam

1150 2366 1231 2387 cum
1261 2356 1482 2399 praestatione
1498 2358 1633 2390 idoneae
1652 2351 1856 2396 fidejzgffionis
1883 2349 1947 2383 Ri-

1151 2403 1220 2438 sico
1236 2404 1351 2439 Officii
1366 2431 1378 2446 ‚
1405 2406 1464 2440 vel
1480 2403 1609 2450 adjecta
1633 2401 1830 2449 obljgatjone
1844 2400 1948 2445 super

1151 2454 1238 2488 locis
1253 2455 1480 2490 trasferendis
1494 2482 1506 2497 ‚
1533 2464 1570 2489 ut
1602 2455 1688 2488 stare
1714 2451 1863 2486 debeant
1881 2460 1948 2495 pro

1151 2503 1347 2541 Securitate
1368 2506 1578 2547 Montistae‚
1604 2505 1739 2551 quoties
1767 2504 1802 2536 in
1830 2501 1947 2535 lucem

1151 2553 1304 2598 prodeat
1319 2582 1331 2597 ,
1357 2555 1658 2602 quemadmodum
1675 2552 1826 2598 probant
1841 2551 1945 2585 Man-

1152 2603 1235 2640 data
1250 2606 1417 2652 expedita
1433 2618 1496 2652 per
1514 2605 1583 2641 aista
1601 2603 1826 2650 Parinegiani
1845 2600 1948 2633 Men-

1150 2655 1183 2689 se
1201 2655 1300 2701 Majo
1329 2659 1434 2703 1763.
1465 2659 1587 2692 favore
1612 2654 1798 2689 Michaelis
1816 2649 1920 2704 Proto
1935 2672 1948 2688 ‚

1150 2707 1185 2740 ὃ(
1201 2717 1265 2750 per
1280 2706 1353 2741 acia
1371 2708 1515 2743 Laureti
1532 2705 1655 2740 Mense
1671 2703 1775 2742 Iunio
1791 2697 1947 2744 ejusdem

1153 2759 1238 2791 anni
1254 2769 1373 2792 coram
1390 2758 1541 2792 secundo
1556 2752 1776 2789 collaterale
1790 2777 1799 2785 .

1153 2804 1318 2842 Clausula
1335 2806 1503 2853 praedista
1519 2805 1686 2851 congruit
1700 2828 1712 2843 ‚
1739 2811 1775 2836 ut
1791 2809 1948 2844 appona-

1153 2865 1210 2890 tur
1226 2858 1331 2891 etiam
1350 2856 1407 2891 ubi
1423 2856 1527 2891 datur
1542 2851 1749 2889 Mandatum
1767 2849 1809 2884 de
1826 2849 1948 2882 trasfe-

1153 2906 1263 2941 rendo
1293 2906 1385 2941 Loca
1401 2907 1584 2941 Montium
1612 2906 1647 2938 in
1677 2904 1748 2936 vim
1779 2895 1948 2933 successio-

1153 2957 1206 2990 nis
1222 2957 1488 2992 testamentariae
1505 2982 1516 2997 ‚
1542 2968 1585 2990 ex
1615 2965 1681 2999 quo
1712 2950 1821 2995 potest
1838 2946 1947 3004 adesse

1151 3006 1341 3041 secundum
1373 3007 1645 3041 Testamentum
1682 3008 1946 3034 revocatorium

1152 3059 1290 3101 primi,
1317 3056 1409 3102 quod
1426 3054 1629 3101 producitur
1645 3077 1656 3092 ,
1681 3052 1715 3085 &
1742 3051 1776 3083 in
1794 3046 1946 3103 sccundo

1153 3106 1259 3141 Alter
1277 3109 1380 3141 fuerit
1397 3108 1573 3141 institutus
1590 3103 1701 3136 haeres
1714 3126 1726 3141 ,
1752 3100 1810 3134 vel
1839 3099 1944 3133 alteri

1154 3155 1222 3192 sint
1237 3156 1356 3192 relicta
1372 3156 1464 3192 Loca
1478 3153 1692 3237 MontiumF‚
1715 3147 1809 3197 quod
1824 3149 1944 3233 eigenit

1705 3210 1726 3237 2
1877 3209 1896 3233 (3
