2300 3547
410 1489 624 1523 administrator

392 1533 427 1565 ad
440 1541 536 1561 nutnm
551 1530 625 1558 The.

401 1572 514 1602 satu-arii
537 1579 613 1599 tene-

390 1623 434 1646 tur
448 1611 562 1641 reddere
580 1618 625 1637 ra-

391 1657 499 1684 tionem
513 1650 561 1679 suae
578 1648 624 1684 adi

389 1691 601 1727 ministrationis
613 1708 623 1721 0

815 219 917 275 ἰόφ

776 290 848 332 dot,
870 299 906 325 at
921 288 1012 324 bene
1031 285 1208 322 servando
1223 285 1408 330 portiones
1423 282 1458 320 δέ
1471 285 1717 321 emolumenta
1744 295 1976 332 quaecumque
2004 282 2105 320 dietae
2132 283 2202 320 Ca-

775 351 891 379 merae
907 340 1036 373 nostrae
1050 339 1157 372 etiam
1173 336 1279 372 titulo
1291 336 1567 374 Secretariatus‚
1588 340 1620 371 δὲ
1634 337 1716 370 alias
1731 336 2000 382 quomodolibet
2017 333 2134 371 debita
2149 337 2203 369 in-

780 399 888 436 tegre
902 386 1084 436 exigendo
1097 411 1110 427 ,
1132 387 1166 420 &
1182 389 1219 421 in
1233 385 1445 432 depositaria
1458 385 1619 432 generali
1636 384 1851 430 deponendo
1866 410 1877 424 ,
1900 387 1934 420 8<
1962 385 2004 420 ad
2019 395 2204 421 omnem-2

778 438 866 474 dieti
881 437 1112 472 Thesaurarii
1127 434 1292 471 ordinem
1305 444 1496 481 ,computa
1512 435 1546 469 &
1560 435 1713 470 rationes
1727 437 1763 469 in
1778 438 1894 472 forma
1907 436 2009 471 solita
2022 433 2205 471 reddendo

777 500 817 529 ac
831 488 1057 537 generaliter
1073 498 1206 521 munus
1220 485 1558 521 Administrationis
1572 483 1775 530 hujusmodi
1789 485 1867 520 bene
1883 486 2081 531 &fideliter
2104 494 2206 518 exer-

779 537 895 581 cendo
911 540 946 572 in
962 536 1044 572 aelis
1058 534 1208 580 alicujus
1224 548 1268 572 ex
1284 535 1449 571 Gamerae
1466 534 1606 570 Nostrae
1621 536 1829 571 Secretariis
1855 546 2017 571 teneatur
2032 536 2064 571 se
2078 534 2205 569 solem-

778 590 877 624 niter
891 587 1055 634 obligare
1070 600 1080 628 3
1110 586 1328 621 Decernimus
1343 584 1488 629 insuper
1503 585 1722 630 praesentem
1736 587 1846 621 nostri
1861 597 1978 620 motus
1992 585 2131 631 proprii
2148 582 2207 617 Ce-

779 638 888 673 dulam
911 639 1019 674 etiam
1031 649 1075 670 ex
1088 647 1130 670 eo
1145 660 1157 677 ,
1180 634 1274 682 quod
1289 647 1413 670 omnes
1430 645 1472 668 eo
1500 633 1631 682 singuli
1646 633 1835 671 Oblatores
1847 660 1860 676 ‚
1886 637 2032 681 aliisque
2059 637 2095 669 in
2111 644 2204 679 prae-

777 686 888 723 missis
904 685 1066 723 interesse
1082 685 1256 721 habentes
1271 683 1479 732 supraditstis
1501 686 1708 727 nullatenus
1733 686 1997 727 consenserint,
2022 696 2138 730 neque
2163 680 2207 717 ad

777 750 818 773 ea
834 736 953 773 vocati
968 763 981 779 ,
1003 737 1061 772 vel
1087 734 1228 776 audiri,
1255 735 1441 781 minusque
1464 733 1590 771 Causae
1613 745 1763 781 propter
1790 747 1873 782 quas
1897 736 2053 782 praesens
2080 734 2207 768 Motus

773 786 1078 835 propriiCedula
1094 788 1278 821 emanavit
1295 785 1515 821 sufficienter
1532 785 1732 832 expraeffae,
1757 786 1974 826 verificatae3
2001 786 2058 820 seu
2083 783 2206 828 justifi-

773 848 864 874 catae
881 839 1020 872 fuerint
1034 852 1046 876 ;
1072 835 1178 872 nullo
1195 847 1367 882 umquam
1383 846 1549 880 tempore
1563 836 1605 871 de
1617 835 1856 881 subreptionis
1871 835 2095 881 obreptionis
2107 858 2118 872 ‚
2143 842 2206 867 aut

775 888 955 923 nullitatis
970 888 1062 923 vitio
1076 911 1089 928 ,
1108 888 1168 923 seu
1181 886 1252 920 alio
1267 887 1393 933 quovis
1408 883 1546 924 defectu
1565 887 1673 920 etiam
1689 888 1877 935 incognito
1891 911 1904 928 ,
1928 887 1961 920 8<
1976 884 2207 924 substantiali,

774 939 928 985 aliaeque
943 938 1188 973 solemnitates
1203 937 1354 971 servatae
1370 936 1534 972 minimae
1548 936 1683 972 fuerint
1697 961 1709 977 ,
1726 937 1760 971 &
1776 949 1820 971 ex
1836 937 1964 982 quovis
1980 935 2049 969 alio
2063 935 2178 980 capite
2193 956 2205 970 ‚

773 989 811 1025 &
825 989 924 1024 causa
938 987 1149 1035 impugnari
1163 1011 1177 1028 ,
1203 987 1265 1021 vel
1281 987 1320 1022 in
1333 984 1619 1021 controversiam
1632 988 1820 1027 revocari,
1845 987 1907 1021 vel
1929 984 2130 1020 remedium
2146 986 2205 1024 Ju-

774 1039 879 1073 flitiae
893 1038 1109 1085 impetrari,
1124 1036 1183 1071 sed
1198 1036 1307 1072 illum
1322 1037 1361 1071 in
1378 1045 1600 1081 perpetuum
1614 1061 1627 1078 ,
1652 1034 1815 1071 validum
1829 1037 1864 1070 ὃ(
1883 1035 2061 1072 efficacem
2077 1034 2206 1072 existe-

776 1100 818 1123 re
832 1114 844 1130 ,
864 1088 1008 1134 suosque
1022 1088 1206 1133 plenarios
1222 1083 1365 1122 effestus
1391 1086 1538 1124 sortiri,
1564 1097 1603 1121 ac
1628 1098 1695 1133 per
1717 1086 1998 1123 Thesaurariuni
2023 1087 2205 1123 nostrum,

777 1137 935 1184 aliosque
950 1149 1075 1176 omnes
1088 1135 1131 1175 ad
1147 1147 1235 1182 quos
1248 1134 1379 1182 specstat
1393 1139 1545 1170 omnino
1560 1135 1741 1173 observari
1757 1135 1871 1182 ficque
1885 1163 1893 1177 ‚
1905 1136 1938 1170 8<
1954 1148 2027 1170 non
2042 1136 2125 1170 alias
2140 1136 2205 1168 &c-

776 1199 845 1234 per
861 1187 1101 1234 quoscumque
1116 1185 1255 1226 Iudices
1274 1185 1718 1233 Ordinarios&delegatos
1731 1190 1839 1222 etiam
1855 1184 1980 1221 Palatii
1997 1186 2118 1223 Nostri
2133 1185 2211 1219 Au.

778 1237 917 1273 ditores
930 1263 943 1279 ,
969 1236 1228 1278 Gameralium
1245 1234 1529 1273 Thesaurarium
1543 1261 1556 1276 ,
1582 1248 1647 1272 nec
1660 1248 1731 1275 nou
1749 1234 1979 1275 Praefidentes
1994 1236 2026 1269 8<
2041 1235 2207 1271 Clericos

778 1287 948 1323 Camerae
966 1287 1109 1322 Nostrae
1124 1288 1161 1321 in
1181 1287 1307 1333 quavis
1323 1287 1490 1322 instantia
1503 1284 1637 1323 sublata
1649 1287 1699 1321 eis
1713 1286 1869 1333 qualibet
1885 1287 1991 1322 aliter
2006 1283 2207 1330 judicandi,

778 1342 813 1374 &
829 1336 1108 1384 interpraetandi
1125 1336 1322 1377 facultate,
1345 1336 1379 1370 &
1393 1334 1604 1370 auctoritate
1622 1336 1689 1370 &c.
1706 1337 1858 1373 Irritum
1873 1361 1885 1377 ,
1908 1337 1941 1371 δε
1956 1338 2061 1370 inane
2074 1333 2207 1380 judica-

776 1390 811 1423 xi
825 1388 1006 1423 &defuiri
1021 1386 1153 1423 fisecus
1175 1386 1282 1431 super
1303 1386 1349 1424 iis
1369 1383 1389 1421 ὅ,
1416 1396 1556 1431 quoque
1570 1387 1750 1428 scienter,
1776 1396 1836 1421 aut
1857 1387 2069 1434 ignoranter
2088 1386 2206 1419 conti—

776 1439 875 1486 gerit
888 1438 1062 1473 attentari
1077 1449 1135 1472 non
1154 1433 1359 1470 obffantibus
1371 1435 1492 1471 Cedula
1509 1436 1625 1470 Motus
1647 1436 1782 1481 Proprii
1801 1437 1884 1471 dmi
1899 1437 2079 1473 Innocentii
2099 1434 2207 1469 Procle-

775 1488 907 1535 cestbris
926 1488 1036 1522 Noft'ri
1048 1514 1056 1525 .
1073 1488 1188 1530 Super
1203 1485 1377 1523 divifione
1392 1484 1566 1523 didlarum
1582 1486 1862 1525 Secretariarum
1890 1487 1926 1525 in
1952 1496 2103 1532 quatuor
2119 1484 2206 1519 Offi-

779 1541 834 1574 cia
849 1537 1033 1584 sejuncstim
1050 1535 1240 1572 retinenda
1255 1560 1264 1575 ,
1288 1549 1343 1570 nec
1359 1550 1415 1572 non
1432 1535 1649 1572 Cancellariae
1662 1539 1775 1572 nofz‘rae
1785 1537 1822 1570 de
1841 1538 1916 1583 jure
1939 1537 2059 1584 questro
2083 1548 2139 1568 non
2150 1537 2208 1570 tol-

777 1589 868 1626 lendo
886 1589 1033 1636 aliisque
1056 1585 1354 1625 Constitutionibus
1367 1587 1408 1622 &
1423 1586 1692 1622 ordinationibus
1720 1586 1916 1633 Apostolicis
1928 1586 2130 1631 juramento
2144 1585 2207 1620 vel

776 1640 904 1686 quavis
921 1639 1093 1674 firmitate
1109 1637 1177 1673 alia
1191 1635 1350 1671 roboratis
1366 1661 1376 1676 ,
1404 1638 1538 1676 statuti.»
1555 1636 1846 1682 consuetudinibus
1858 1663 1870 1678 ,
1896 1636 2002 1681 ufibus
2019 1638 2127 1682 stylis,
2146 1635 2206 1668 Re-

771 1690 870 1737 galis
883 1715 894 1729 ‚
920 1689 1119 1734 Prz'vilegt'is
1131 1711 1142 1725 ,
1170 1688 1298 1722 Indulti
1312 1710 1324 1724 ,
1352 1686 1393 1721 &
1421 1688 1533 1722 literis
1554 1685 1753 1733 Apofiulicis
1769 1713 1778 1727 ‚
1803 1687 1866 1723 sub
1893 1685 2206 1733 quobuscumques

776 1738 964 1775 tenoribus
977 1764 989 1780 ,
1014 1739 1048 1773 &
1064 1738 1190 1772 formis
1217 1738 1325 1772 etiam
1340 1736 1656 1784 derogatoriarum
1674 1736 1910 1786 derogatoriis
1923 1763 1935 1778 ,
1961 1738 2105 1784 aiiifique
2132 1737 2205 1771 effi-

777 1789 974 1825 cacioribus
988 1812 1000 1829 ,
1017 1791 1050 1822 &
1065 1787 1214 1823 insolitis
1228 1787 1413 1830 clausulis,
1425 1799 1464 1824 ac
1474 1786 1642 1826 Decretis
1657 1789 1768 1822 etiam
1787 1787 2032 1826 irritantibus,
2047 1789 2106 1823 vel
2120 1790 2205 1824 alias

776 1838 1052 1887 quomodolibet
1067 1835 1229 1873 concessis
1240 1862 1252 1879 ,
1276 1839 1497 1873 confirmatis
1510 1861 1523 1878 ,
1549 1849 1587 1875 ac
1601 1837 1724 1884 saepius
1738 1839 1921 1873 innovatis
1935 1862 1945 1876 ,
1973 1838 2101 1884 quibus
2112 1871 2114 1873 .
2125 1851 2204 1874 om-

776 1891 881 1925 nibus
897 1892 930 1924 ὂζ
944 1887 1093 1934 fingulis
1109 1888 1166 1923 hic
1179 1898 1247 1932 pro
1263 1889 1404 1937 integre
1419 1885 1596 1934 expraeffis
1612 1887 1781 1923 habentes
1795 1889 1854 1929 illi
1870 1888 1955 1923 alias
1969 1890 2006 1923 in
2022 1887 2082 1923 suo
2095 1890 2203 1924 robu-

777 1952 818 1976 re
833 1939 1075 1986 permansuris
1091 1938 1156 1973 hac
1170 1940 1247 1973 vice
1261 1937 1448 1975 dumtaxat
1463 1948 1566 1979 motu
1580 1963 1593 1978 ,
1606 1938 1641 1973 &
1658 1938 1839 1975 Poteflatis
1855 1938 2084 1984 plenitudine
2099 1937 2202 1974 dero-

778 2002 903 2038 gamus
916 2013 927 2027 ,
952 1987 1160 2031 caeterisque
1175 1990 1367 2024 contrariis
1381 2000 1455 2023 non
1482 1987 1702 2024 obstantibus
1729 1989 2009 2038 quibuscumque
2024 2013 2034 2023 .
2059 1988 2200 2026 Datum

778 2043 818 2077 in
832 2042 953 2076 nostro
968 2038 1102 2075 Palatio
1112 2038 1295 2086 Qirinali
1309 2037 1368 2073 hac
1381 2040 1435 2077 die
1458 2049 1491 2079 2.
1505 2037 1698 2073 Novembris
1718 2051 1822 2089 1701.

1187 2087 1307 2124 Placet
1323 2099 1424 2124 motu
1438 2089 1590 2136 proprio
1605 2088 1648 2125 L.
1663 2090 1700 2129 F,

822 2139 895 2175 Die
913 2150 970 2184 23.
986 2138 1145 2179 Ianuarii
1164 2150 1271 2186 1702.
1284 2139 1434 2179 Ioannes
1451 2138 1633 2175 Antonius
1653 2139 1837 2189 Tartagiia
1850 2139 2074 2180 Secretarius
2088 2166 2099 2179 .
2115 2139 2195 2178 Fol,

776 2190 866 2242 607.
887 2189 997 2231 Nune
1013 2188 1232 2238 Rodulphus
1248 2190 1369 2230 Prima
1383 2189 1469 2239 Pars
1493 2189 1579 2227 anui
1594 2198 1707 2240 1702,
2005 2188 2009 2191 “

2042 3266 2141 3301 SAN.
