2300 3547
301 160 605 216 CAPUT
637 161 737 214 VI
762 160 1194 218 G-ESJMVM
1235 163 1769 222 SECVNDVM.

236 232 335 276 prius
350 231 579 277 perpendere
609 242 655 264 ne
671 231 707 263 in
724 229 927 274 hujusmodi
943 233 1038 269 Con-

237 279 404 315 tractibus
419 280 561 315 fraudes
584 279 836 322 intercedant,
862 293 899 316 ac
926 283 1036 329 plene

168 343 181 365 1
193 341 206 363 1
238 332 446 365 examinare
471 330 600 365 Causas
626 329 828 376 propositas
859 333 897 366 in
934 332 1035 369 dictis

232 378 484 415 Contrad'tibus
499 406 511 422 ,
531 393 574 415 an
591 379 657 415 sint
673 392 738 415 nec
753 393 798 415 ne
813 392 983 430 congruae
999 385 1033 418 8<

169 439 211 463 12
232 429 441 466 sufficientes
457 456 468 471 ‚
495 442 568 465 non
583 441 704 465 autem
720 430 853 466 debent
867 444 910 467 ex
927 432 1033 468 abru-

235 481 353 526 pt0,&
365 493 401 514 re
413 481 616 516 midunitus
630 493 702 515 non
719 481 932 527 introspecta
949 494 1030 527 pro-

230 529 359 565 cedere
374 531 416 566 ad
429 531 545 567 solum
559 532 668 566 finem
683 532 845 566 lucrandi
858 531 947 567 illud
960 536 1032 567 exi-

228 581 265 614 le
279 581 569 616 emolumentum
586 607 597 622 ‚
624 580 717 627 quod
735 594 801 627 pro
824 582 960 619 decreti
979 585 1030 617 in-

230 630 465 676 terpositione
492 631 607 671 Judici
632 632 673 667 de
703 643 803 666 more
830 633 952 668 exolvi
977 634 1028 668 sb-

162 692 201 727 13
231 681 282 714 let
294 706 304 721 ,
318 694 429 727 quum
444 681 578 717 dictum
591 681 897 724 emolumentum,
905 681 1028 718 debeat

230 730 296 766 esse
323 733 464 766 Merces
495 733 653 767 muneris
682 731 772 766 bene
803 732 993 777 adimpleti
1015 759 1029 774 ‚

230 780 452 829 Decretique
468 784 536 817 rite
562 779 765 825 interpositi
791 782 904 817 Causa
927 786 1026 827 prius

228 833 374 880 cognita
388 858 399 872 ,
426 845 464 866 ac
482 842 622 866 mature
637 831 778 877 pensata
792 859 802 873 ,
817 844 889 866 non
905 843 1025 868 autem

158 892 203 929 14
231 883 311 916 finis
327 883 519 928 primarius
535 880 700 921 Judieum
728 883 788 927 qui
805 883 1025 930 plerumque

227 942 498 979 conqueruntur
511 957 524 973 ,
550 930 693 977 quando
722 943 831 976 pauca
860 935 1027 979 interpo-

227 992 319 1016 nunt
334 981 477 1016 decreta
491 1007 502 1022 ,
517 981 575 1016 ubi
604 983 724 1028 potius
738 985 909 1029 conqueri
921 983 1027 1019 debe-

231 1043 311 1066 rent
324 1031 366 1074 de
380 1043 493 1076 parvo
508 1044 659 1066 numero
673 1030 903 1069 decretorum
917 1059 929 1074 ‚
943 1046 1025 1079 quo.

229 1084 296 1116 ties
323 1082 392 1117 illis
420 1084 571 1128 proprio
606 1085 748 1117 muneri
775 1084 1018 1119 satisfecissent

230 1133 265 1166 8<
292 1144 363 1166 non
384 1131 559 1167 desiderio
583 1131 748 1179 captandi
770 1135 955 1176 Lucrum,
983 1144 1024 1169 ut

226 1184 424 1217 conclamat
435 1183 601 1216 Simone-el.
615 1183 652 1215 de
662 1183 792 1217 Decret.
809 1183 882 1218 Lib.
901 1195 931 1219 1.
944 1198 974 1218 n.
988 1196 1023 1227 9.

275 1232 310 1266 Si
329 1244 417 1267 vero
433 1232 571 1272 Judices
587 1232 782 1279 negligunt
796 1235 833 1268 in
849 1233 1025 1269 Decreto-

224 1294 306 1316 rum
334 1282 611 1327 interpositione
640 1282 761 1317 sedulo
797 1284 993 1329 procedere
1010 1311 1024 1327 ,

224 1332 389 1378 causaque
401 1333 491 1367 bene
504 1331 686 1378 perspeffla
697 1333 742 1367 ob
755 1335 928 1370 timorem
941 1334 1025 1377 Dei,

152 1398 194 1430 15
223 1384 379 1428 quiante
396 1385 517 1417 onmia
540 1383 929 1429 praeoculis‘habendus
954 1387 999 1420 est
1012 1411 1025 1428 ,

219 1433 343 1467 saltem
360 1434 426 1468 hoc
443 1435 559 1468 facere
574 1444 747 1468 tenentur
761 1446 916 1480 propter
929 1434 1024 1471 dam-

223 1496 309 1518 num
336 1482 494 1524 bursale,
520 1494 626 1529 atque
649 1485 947 1526 existimationis,
983 1499 1021 1522 ae

152 1539 197 1573 16
222 1532 410 1582 dignitatis
427 1533 592 1578 jacffiiraiii
605 1560 617 1575 ,
644 1545 749 1580 quam
765 1536 957 1570 incurrunt
973 1538 1023 1572 in—

222 1584 448 1629 terponendo
465 1583 619 1618 Decreta
642 1597 714 1619 non
731 1586 996 1630 interponenda
1008 1612 1021 1628 ‚

219 1634 306 1668 dum
324 1645 493 1669 tenentur
508 1633 549 1668 ad
562 1634 854 1670 emendationem
872 1636 1021 1671 damno-

222 1697 303 1719 rum
321 1685 443 1719 favore
460 1685 714 1725 Minorunn&
732 1686 935 1721 Mulierum
953 1699 1020 1732 pro

220 1734 388 1770 Decretis
403 1737 520 1769 minus
537 1735 628 1769 redte
640 1736 1022 1783 intei·positisPlc.Clqffi

220 1798 251 1819 ri.
262 1797 322 1830 44.
336 1786 376 1820 &
391 1785 451 1831 45‘.
466 1785 616 1820 Conflaiz.
630 1786 673 1818 ad
694 1786 779 1820 Stat.
797 1786 896 1821 Urbis
910 1797 1018 1824 annot.

219 1846 279 1881 43.
305 1834 377 1870 Art.
402 1848 437 1881 4.
459 1849 489 1869 n.
516 1837 600 1880 298.
632 1833 711 1869 Uim.
736 1848 795 1877 2.,
834 1838 894 1883 qui
916 1834 1019 1874 affert

149 1901 194 1936 17
221 1887 435 1931 exemplum
470 1884 650 1929 cujusdam
678 1886 808 1925 Judicis
835 1887 1016 1932 conspicui

214 1934 427 1981 'ordinisfiib
443 1934 630 1970 Alexandro
656 1936 743 1970 VIII.
760 1935 910 1972 Summo
929 1937 1018 1972 Pon-

218 1988 316 2021 tifice
342 1986 573 2021 condemnati
601 1985 643 2020 ad
672 1986 922 2031 reponendum
953 1989 1017 2024 in„

217 2038 408 2084 pristinum
426 2038 530 2083 plura
550 2037 642 2071 Loca
658 2037 844 2071 Montium
860 2037 1016 2083 spec'lan-

220 2090 266 2122 tia
289 2086 331 2122 ad
359 2088 558 2122 Mulierem
586 2087 695 2121 titulo
719 2086 824 2121 Dotis
839 2114 849 2127 ‚
876 2101 919 2122 ex
946 2101 1018 2134 quo

217 2137 510 2183 illeinoerposuit
523 2137 722 2172 Decretum
740 2137 1017 2173 inAlienatione

218 2187 429 2222 eorumdem
462 2187 642 2222 Locorum
671 2188 859 2222 Montium
886 2200 925 2223 ea
954 2202 1016 2224 ex-

216 2237 339 2283 praeffa
366 2237 465 2271 futili
491 2238 627 2278 Causa,
655 2236 749 2284 quod
773 2237 907 2272 scilicet
931 2250 1015 2274 cuin

217 2300 344 2322 eorum
369 2289 486 2333 pretio
515 2286 603 2322 dieta
620 2288 783 2328 Mulier,
807 2289 841 2322 &
857 2288 1014 2324 Maritus

216 2350 339 2372 emere
356 2337 609 2384 intelligebant
637 2337 837 2383 Apotecam
853 2337 895 2372 ad
915 2338 1015 2373 usum

215 2387 320 2423 Artis
336 2387 441 2422 Albae
456 2412 469 2428 ‚
491 2388 646 2422 Maritus
660 2389 757 2422 enim
774 2387 928 2423 Exterus
941 2413 953 2428 ,
980 2389 1015 2422 δέ

215 2438 521 2473 Ultramontanus
534 2449 679 2483 recepto
692 2439 810 2483 pretio
828 2438 1010 2473 Locorum

213 2489 403 2524 Montium
417 2489 651 2523 venditorum
667 2487 814 2522 abUrbe
827 2488 1012 2532 Marsupio

215 2540 326 2585 pleno
352 2537 525 2579 discessit,
552 2538 753 2584 Apotecam
783 2536 882 2572 Artis
907 2537 1012 2572 Albae

216 2601 288 2623 non
314 2587 523 2634 acquisivit,
549 2588 735 2623 &Mulier
761 2587 834 2622 sine
860 2587 942 2622 dote
959 2601 1012 2622 re-

145 2639 185 2672 18
216 2638 343 2673 mansit
360 2665 369 2679 ‚
398 2638 511 2678 Judex
538 2639 600 2672 tali
624 2638 745 2683 padio,
774 2650 840 2683 pro
866 2649 936 2672 uno
951 2651 1012 2673 au-

217 2701 275 2723 reo
293 2699 440 2735 recepto
458 2701 524 2735 pro
549 2688 713 2724 mercede
729 2688 864 2723 decreti
890 2690 1007 2724 minus

215 2739 308 2774 recle
335 2739 536 2782 interpositi
561 2739 664 2784 plura
680 2739 903 2775 Centenaria
933 2739 1010 2774 Au-

214 2802 360 2824 reorum
377 2790 555 2829 exsolvit,
581 2789 675 2835 quod
698 2789 870 2823 damnum
886 2789 1013 2824 evasis-

213 2840 262 2873 set
281 2838 301 2872 si
321 2839 543 2873 contraitum
559 2838 779 2874 venditionis
793 2864 805 2879 ,
819 2839 852 2873 &
865 2850 937 2874 non
954 2852 1011 2875 au-

216 2901 316 2923 reum
341 2888 584 2924 considerasset
601 2917 610 2925 .

141 2950 188 2985 19
214 2939 457 2985 Qiantumvis
473 2951 593 2974 autem
609 2941 646 2974 in
670 2938 837 2975 omnibus
851 2938 1008 2976 Contra-

213 2989 326 3024 ‹flibus
340 3015 350 3030 ,
364 2989 640 3025 alienationibus
655 3015 666 3031 ,
679 2990 713 3024 &
726 2989 1007 3037 obligationibus

214 3041 402 3075 Minoruiii
421 3065 430 3079 ‚
453 3039 681 3084 Pupillorum
705 3065 718 3080 ,
744 3041 778 3074 &
801 3041 1006 3076 Mulierum

212 3090 363 3125 debeant
382 3087 520 3128 Judices
535 3090 624 3124 bene
639 3102 767 3125 cavere
778 3116 790 3132 ,
816 3101 855 3125 ut
866 3093 1005 3126 eviten-

214 3150 273 3177 tur
289 3140 428 3176 fraudes
442 3165 454 3182 ‚
468 3148 659 3188 totumque
678 3141 893 3191 negocium,
909 3140 1005 3190 quod

1215 233 1339 267 inillis
1361 237 1500 282 'geritur
1525 237 1643 272 sedula
1671 187 2003 284 trutinationegper-

1207 282 1370 329 pendere
1383 309 1395 322 ,
1422 284 1576 320 exafflus
1594 296 1713 322 tamen
1726 301 1856 325 cavere
1871 288 2004 324 debent

1209 332 1270 367 ubi
1285 335 1405 381 agitur
1421 332 1465 368 de
1479 335 1694 372 alienatione
1706 363 1719 379 ,
1740 341 1981 387 attergatione
1992 366 2003 380 ,

1133 391 1181 416 20
1207 383 1242 417 ὃς
1276 382 1513 430 resignatione
1548 384 1729 422 Locorum
1766 390 1979 425 Montium
1994 416 2002 424 .

1207 432 1361 480 Qlando
1377 435 1522 480 quidem
1536 446 1618 470 cum
1632 438 1708 482 post
1723 437 1903 474 admissam
1920 439 2003 474 illo-

1207 495 1289 518 rum
1308 482 1606 532 Resignationem
1635 486 1678 522 ab
1694 486 2003 525 Administratore

1206 535 1335 580 vigore
1360 534 1558 583 Consensus
1568 537 1722 581 praestati
1737 535 1755 572 *a
1772 538 1978 575 Minoribus
1990 566 2004 582 ,

1205 584 1266 618 vel
1282 584 1500 622 Mulieribus
1524 597 1608 622 cum
1623 587 1783 622 Decreto
1798 587 1929 627 Judicis
1947 602 2002 625 ea-

1204 632 1287 668 dem
1306 634 1398 670 Loca
1415 637 1602 672 Montium
1618 638 1794 673 transeant
1813 641 1864 674 uti
1887 639 2001 675 libera

1204 684 1240 717 8<
1253 696 1424 732 exempta
1440 689 1474 721 in
1491 686 1682 731 Emptores
1697 714 1710 729 ‚
1736 689 1865 736 vigore
1889 689 2002 723 notis-

1203 732 1299 769 fimae
1327 733 1576 772 Constitutione&
1603 736 1634 772 S.
1658 739 1712 773 M.
1736 738 1863 773 Urbani
1890 739 1975 773 VIII.
1988 764 2001 780 ,

1202 783 1318 820 aetum
1333 786 1380 820 est
1402 786 1444 821 de
1461 787 1609 822 illorum
1635 791 1911 835 recuperatione
1926 813 1938 829 ,
1965 789 1999 823 &

1201 837 1318 879 porest
1334 836 1473 871 facilius
1489 836 1672 877 Judicibus
1687 841 1723 874 in
1735 837 1858 874 Cauris
1880 840 1999 875 immi-

1201 896 1290 920 nere
1301 888 1504 932 periculum
1521 889 1582 923 illa
1609 889 1647 922 in
1675 891 1865 934 pristinum
1893 899 2001 934 repo-

1202 935 1312 970 nendi
1328 946 1364 972 ut
1380 936 1471 972 bene
1489 939 1685 984 perpendit
1702 938 1846 982 Confian.
1861 941 1903 973 ad
1915 939 1999 973 Stat.

1204 984 1281 1020 Urb.
1294 987 1371 1022 diei.
1382 998 1490 1023 annot.
1508 999 1568 1034 44.
1582 999 1648 1023 art.
1663 1001 1697 1034 4.
1716 986 1796 1025 flam.
1813 999 1848 1025 2.
1866 1003 1902 1024 η.
1914 1001 1998 1035 299.

1127 1041 1170 1067 21
1201 1035 1367 1070 Maxime
1382 1038 1534 1083 inspei‘ta
1555 1038 1792 1074 Confi‘itutz'one
1809 1038 1998 1074 novissime

1199 1083 1294 1120 edita
1308 1083 1327 1118 ὰ
1343 1086 1372 1120 S.
1387 1089 1436 1121 M.
1450 1088 1615 1122 Benediffl
1629 1089 1688 1124 ΡΡ.
1709 1090 1800 1124 XIV.
1813 1091 1997 1125 duodecimo

1198 1135 1366 1172 Kalendas
1379 1139 1542 1173 Ianuarii
1561 1150 1666 1186 1744.
1677 1165 1691 1181 ,
1716 1142 1754 1174 in
1777 1151 1843 1186 qna
1858 1141 1932 1186 post
1947 1153 1998 1175 re-

1198 1188 1357 1232 petitum
1373 1199 1462 1223 onus
1485 1187 1933 1234 Judicibusinterponendi
1944 1191 1996 1223 de-

1199 1245 1292 1270 crata
1323 1236 1427 1283 Catgfa
1456 1242 1586 1286 cognita
1601 1255 1612 1280 3
1642 1254 1679 1275 re
1700 1250 1828 1275 mature
1852 1249 1994 1286 perpen-

1125 1294 1171 1320 22
1185 1286 1233 1331 sa
1248 1285 1315 1331 sub
1342 1288 1368 1333 §.
1393 1287 1538 1323 Caveant
1549 1290 1613 1334 fol.
1631 1291 1686 1326 16.
1712 1292 1882 1326 statutum
1909 1291 1957 1324 est
1968 1315 1994 1332 ,‚

1197 1351 1222 1376 3,
1248 1336 1411 1373 Caveant
1444 1340 1559 1388 igitur
1596 1340 1734 1380 Iudices
1748 1367 1760 1384 ,
1798 1339 1997 1384 respective

1197 1411 1223 1427 2,
1249 1388 1565 1426 Administratores
1577 1416 1588 1432 ,
1602 1391 1778 1427 Officiales
1793 1392 1826 1425 &
1844 1389 1994 1437 Deposi-

1123 1448 1169 1483 23
1197 1462 1222 1480 ,,
1249 1440 1329 1473 tarii
1342 1464 1354 1480 ,
1366 1451 1437 1474 non
1450 1453 1514 1476 nec
1526 1440 1699 1477 Cursores
1714 1443 1748 1476 &
1762 1441 1997 1481 Mandatarii,

1195 1513 1221 1528 „
1247 1500 1292 1522 ne
1310 1490 1392 1535 quid
1409 1502 1472 1535 per
1487 1503 1545 1526 eos
1565 1493 1625 1526 fiat
1643 1502 1768 1527 contra
1785 1492 1942 1526 formam
1959 1491 1994 1525 &

1197 1562 1222 1579 „
1248 1538 1517 1584 dispositionem
1536 1541 1641 1586 hujus
1665 1543 1791 1577 nostrae
1816 1542 1994 1576 Constitu-

1196 1613 1220 1629 „
1247 1590 1353 1625 tionis
1368 1590 1422 1625 .Si
1446 1594 1521 1638 quis
1536 1593 1634 1626 enim
1649 1593 1681 1627 ei
1695 1591 1778 1627 ausu
1796 1593 1994 1626 temerario

1193 1664 1220 1680 „
1244 1641 1426 1675 contraire
1454 1642 1741 1688 praesumpserit,
1767 1642 1848 1687 sciat
1871 1641 1902 1675 se
1918 1640 1993 1676 abs-

1193 1713 1221 1732 „
1246 1701 1313 1735 que
1324 1691 1394 1726 nlla
1407 1690 1466 1737 spe
1480 1693 1593 1727 venIae
1603 1692 1886 1738 aclndulgentiae
1897 1691 1992 1726 ultra

1193 1764 1219 1781 „
1244 1739 1531 1787 indignationem
1555 1743 1709 1777 nostram
1737 1753 1877 1787 paenam
1905 1753 1994 1786 quo-

1192 1814 1218 1831 „
1244 1802 1312 1835 que
1328 1790 1544 1827 redufflonis
1566 1793 1603 1827 in
1620 1793 1811 1839 pristinum
1838 1803 1875 1826 ac
1900 1791 1993 1825 refe—

1119 1850 1168 1887 24
1193 1865 1218 1881 ,,
1242 1839 1369 1876 <ilionis
1390 1844 1554 1877 omnium
1569 1842 1810 1884 damnorum,
1836 1842 1870 1876 &
1894 1842 1990 1876 inte-

1191 1916 1218 1932 „
1245 1890 1329 1925 resse
1349 1904 1421 1927 non
1438 1894 1474 1927 in
1489 1892 1704 1934 subsidium,
1727 1891 1785 1927 sed
1809 1893 1993 1938 principa-

1193 1966 1218 1981 ,.
1246 1940 1328 1975 liter
1340 1967 1352 1982 ,
1377 1943 1412 1977 8<
1427 1944 1463 1977 in
1479 1943 1630 1979 solidum
1646 1955 1728 1977 cum
1744 1944 1809 1983 iis,
1823 1943 1883 1988 qui
1898 1953 1993 1987 prae-

1190 2015 1217 2032 „
1242 1989 1420 2027 diciorum
1448 1992 1694 2029 Vinculoriim
1726 1991 1993 2034 deiectionem,

1190 2066 1216 2082 2,
1241 2041 1299 2077 seu
1316 2041 1557 2083 Cassationem
1573 2043 1734 2078 indebite
1749 2042 1992 2085 obtinuerint,

1189 2116 1215 2132 „
1241 2092 1315 2137 ipso
1344 2091 1433 2127 fadio
1445 2118 1458 2134 ,
1483 2104 1588 2142 atque
1616 2094 1691 2141 ipso
1716 2092 1797 2139 jure
1831 2093 1992 2129 incursit-

1192 2167 1218 2182 „
1245 2154 1323 2176 rum
1342 2143 1439 2178 fore.
1466 2169 1490 2185 „

1119 2204 1166 2237 25
1195 2192 1237 2226 In
1255 2192 1537 2238 interpositione
1563 2204 1682 2230 autem
1696 2192 1901 2238 hujusmodi
1916 2193 1992 2230 De-

1192 2251 1377 2278 cretorum
1392 2243 1497 2290 super
1517 2242 1769 2280 contractibus
1784 2245 1992 2281 Mulierum

1190 2304 1268 2339 quae
1296 2293 1357 2327 sub
1386 2293 1611 2339 protetflione
1639 2294 1818 2338 Principis
1843 2295 1990 2339 speciali

1189 2341 1338 2389 quadam
1371 2346 1508 2380 ratione
1534 2346 1732 2379 constitutae
1746 2344 1826 2378 sunt
1850 2354 1889 2379 ut
1905 2356 1991 2389 per-

1189 2392 1318 2439 pendit
1332 2393 1520 2440 Constitiitio
1534 2395 1565 2429 S.
1580 2396 1634 2429 M.
1647 2393 1811 2429 Benedme'
1825 2393 1882 2428 ΡΡ.
1897 2394 1991 2430 XIV.

1189 2443 1349 2487 eda-'tasub
1365 2444 1473 2478 datum
1489 2448 1568 2478 anni
1582 2444 1883 2491 1742.§.reliquum
1899 2444 1939 2490 est
1952 2448 1989 2478 in

1112 2494 1162 2530 26
1180 2496 1242 2537 fi'l·
1257 2505 1328 2527 non
1339 2493 1466 2529 sufficit
1482 2495 1670 2540 praesentia
1694 2493 1826 2534 Judicis
1837 2519 1849 2533 ,
1872 2494 1929 2529 sed
1943 2493 1989 2529 de

1187 2540 1387 2579 necessitate
1404 2546 1622 2592 requiritur,
1649 2554 1688 2580 ut
1700 2543 1815 2584 Judex
1832 2545 1986 2579 interlo-

1187 2604 1317 2639 quatur
1344 2607 1409 2639 per
1445 2592 1707 2641 expressionem
1736 2593 1984 2628 Verborum

1184 2643 1328 2678 Honded.
1353 2644 1441 2695 Confi
1473 2656 1529 2687 52.
1554 2659 1585 2680 n.
1614 2655 1674 2690 24.
1701 2642 1785 2678 libro
1818 2655 1847 2677 1.
1864 2643 1989 2677 Planci

1185 2693 1270 2728 Stat.
1289 2693 1365 2729 Urb.
1389 2695 1479 2740 glqffi
1493 2707 1550 2731 21.
1565 2709 1596 2729 n.
1617 2696 1670 2729 16.
1684 2694 1758 2727 Καί.
1779 2705 1842 2728 cor.
1869 2693 1984 2728 Biirat.

1182 2744 1286 2789 decis}
1304 2755 1386 2781 120.
1402 2744 1623 2792 72.5.cumsi>q.
1636 2743 1677 2778 ἔθ’
1691 2745 1725 2776 ἱνῑ
1740 2740 1983 2788 Τιψιιίιῑηηγί-

1182 2807 1251 2829 neae
1270 2805 1324 2836 15.
1350 2796 1512 2830 Ianuarii
1532 2794 1598 2828 168
1607 2807 1638 2840 3.
1652 2794 1797 2840 §.priten
1815 2796 1915 2828 etiam
1930 2794 1988 2828 co-¹

1183 2856 1250 2877 ram
1268 2843 1298 2879 b.
1313 2857 1353 2877 m.
1367 2843 1546 2890 Albergato
1555 2844 1683 2879 Decano
1698 2869 1708 2878 .

1108 2904 1156 2942 27
1183 2891 1323 2928 Praetor
1333 2905 1422 2929 vero
1433 2895 1755 2940 potestinterloqui
1769 2892 1837 2928 vvel
1858 2893 1982 2930 italico

1181 2942 1360 2979 Idiomate
1377 2954 1415 2979 ut
1428 2945 1584 2992 sequitur
1598 2971 1623 2987 ‚‚
1650 2944 1728 2978 Effo
1742 2943 1876 2991 Signor
1889 2942 1979 2980 Giu.

1179 3009 1205 3036 ‚3
1231 2995 1309 3031 dice
1323 2995 1419 3030 udite
1433 2995 1468 3030 le
1481 2996 1584 3041 sopra
1599 2993 1747 3040 espreffe
1761 2994 1861 3036 cose,
1886 3006 1906 3029 e
1935 2997 1982 3029 ri-

1177 3069 1204 3086 „
1229 3046 1429 3081 conosciuta
1444 3046 1477 3079 la
1491 3044 1604 3080 Causa
1631 3056 1697 3090 per
1712 3045 1849 3092 giusta,
1874 3056 1894 3079 e
1916 3057 1977 3080 ve-

1178 3120 1203 3137 „
1229 3097 1367 3130 rificata
1389 3094 1540 3130 secondo
1562 3096 1595 3129 la
1612 3093 1843 3141 dispositione
1872 3104 1976 3129 tanto

1177 3169 1204 3188 ο,
1229 3146 1328 3183 dello
1341 3146 1482 3184 statuto
1496 3145 1531 3182 di
1548 3143 1668 3182 Roma
1680 3168 1695 3188 ,
1719 3157 1822 3181 come
1837 3143 1978 3180 dell'ul-

1574 3194 1602 3232 P
1780 3220 1808 3238 ³,
1832 3196 1922 3231 tima
