2300 3547
359 172 633 258 Genius-'Debitor
648 223 720 265 cogi
735 223 849 264 nequit
862 223 902 254 ad
915 223 1146 255 extinCtionem
1158 233 1189 252 n.
1201 230 1272 262 39.·

401 269 497 300 Illius
514 267 729 307 redemptioni
754 268 1044 308 praeceditdisdie'la
1067 277 1098 299 n.
1111 277 1162 304 40.

358 314 515 346 Ceffiones
533 312 705 342 Frue'tuum
721 312 951 343 Beneficiorum
969 313 1100 344 fuerunt
1119 311 1252 342 aboletae

447 366 486 387 ex
501 355 742 388 Constitutione
755 355 918 387 Benedicti
933 357 1021 387 XIV.
1036 365 1101 396 cap.
1116 359 1254 393 ¹5.n.58.

397 403 475 444 Qae
494 406 599 430 tamen
617 409 681 430 non
696 399 917 431 habetoculos
941 407 1027 430 retro
1043 420 1052 435 ‚
1079 407 1134 428 nec
1151 398 1255 439 tangit

445 446 532 475 aetus
551 451 645 473 antea
659 444 817 482 perfectos
833 443 952 473 ibidem
973 453 1004 474 n.
1018 454 1068 481 59.

401 487 499 520 raetae
523 495 635 519 contra
658 485 875 527 praescriptum
889 487 1043 526 Principis
1075 483 1257 516 suntirritae

443 543 478 563 ca
503 556 510 563 .
527 542 574 568 17.
602 541 632 562 n.
649 536 701 561 26.

361 573 464 607 Censu
481 544 617 607 {nudato
644 573 734 615 super
753 573 844 604 Locis
861 573 1021 605 Montium
1036 598 1044 611 ‚
1068 572 1256 613 regulariter

446 620 578 651 Frue‘lus
595 617 781 648 limitantur
791 618 823 648 in
836 617 936 653 scutis
949 618 1076 648 duobus
1093 618 1121 648 b.
1134 620 1253 656 60.cap.

449 670 497 697 16,
522 672 609 693 num.
625 673 676 700 45.

362 705 484 738 Census
516 706 678 746 impositio
706 711 880 736 annotatur
915 706 945 736 in
975 703 1060 735 libro
1079 704 1254 735 Secretariae

444 751 605 782 Montium
635 756 819 789 nuncupato
832 750 871 780 Br
884 748 1013 779 oliardo
1026 748 1146 779 ibidem
1160 758 1192 779 n.
1204 753 1255 784 48.

360 794 494 826 Cernita
517 797 559 826 est
576 791 736 824 Colleffio
760 791 968 824 Personarum
993 791 1200 832 praedistinoa
1227 793 1255 823 δι

446 837 644 878 praenobilis‚
656 840 772 876 acujus
787 834 984 867 resolutione
994 835 1253 876 dependetAezus

446 881 595 923 perfeffio
617 890 684 922 cap.
698 893 750 912 ιι.
772 890 803 911 n.
817 885 850 913 8.

361 928 462 961 Cessio
489 927 651 958 fruGtuum
676 927 711 956 fit
732 925 950 956 velMandato
968 923 1018 956 vel
1034 924 1252 955 Instrumento

447 980 482 1003 ca
506 980 577 1008 ,25.
604 978 633 1001 ¹¹.
654 971 703 1007 78.

360 982 518 1049 Gemoniis
531 1014 690 1044 fruetuum
704 1012 933 1044 Beneficiorum
944 1011 1113 1052 prohibitae
1127 1012 1255 1042 fuerunt

445 1068 461 1088 a
479 1057 651 1089 Benedifto
668 1057 727 1087 ΡΡ.
741 1058 830 1088 XlV.
856 1066 922 1095 cap.
941 1067 992 1088 20.
1021 1067 1050 1088 n.
1063 1061 1115 1093 69.

403 1103 502 1133 Faclae
518 1106 592 1131 ante
606 1099 886 1131 Constitutionum
898 1099 1062 1131 Benedicti
1075 1099 1164 1130 XIV.
1177 1096 1252 1129 sub-

441 1146 598 1177 stinentur
626 1154 693 1187 cap.
709 1155 761 1174 20.
783 1155 812 1176 n.
830 1149 880 1182 76.

400 1191 505 1224 Ratio
519 1191 614 1226 hujus
631 1186 890 1228 prohibitionis?
913 1197 945 1217 n.
960 1198 1011 1226 70.

402 1236 465 1269 sub
480 1242 571 1274 poena
589 1231 944 1263 Excommunicationis
972 1240 1003 1261 n.
1020 1239 1069 1269 73.
1085 1231 1113 1261 ὃ(
1126 1239 1177 1268 73.

360 1275 581 1314 Cistertienses
608 1276 640 1306 in
658 1275 864 1306 Alienatione
875 1275 1039 1305 Bonorum
1067 1272 1190 1304 servare
1207 1278 1257 1302 te-

441 1329 557 1353 nentur
572 1320 710 1351 formam
724 1317 974 1351 constitutionis
988 1317 1104 1359 Bened.
1123 1317 1257 1348 PP.X11.

447 1375 512 1407 cap.
529 1376 582 1396 κο.
602 1374 633 1395 n.
647 1375 700 1404 43.
1084 1361 1086 1371 '

401 1411 528 1445 Docere
556 1407 681 1447 insuper
704 1407 823 1438 debent
835 1405 873 1436 de
889 1405 1017 1441 licentia
1031 1403 1174 1445 Capituli
1190 1403 1256 1434 Ge-

449 1451 567 1484 neralis
583 1451 701 1483 ibidem
721 1461 750 1482 n.
768 1461 820 1489 45.

365 1496 617 1532 circumstantiae
642 1495 696 1526 ubi
722 1494 795 1526 sunt
820 1493 969 1530 diversae,
993 1489 1117 1523 diversa
1130 1490 1253 1523 ratione

448 1542 570 1572 debent
584 1538 722 1582 regulari
749 1548 816 1579 cap.
830 1543 859 1570 6.
883 1548 912 1570 n.
930 1549 981 1569 το.

361 1585 538 1623 Citationis
555 1583 676 1614 notitia
696 1583 773 1614 licet
793 1590 931 1614 executae
945 1590 1035 1613 extra
1051 1578 1250 1611 domicilium

450 1631 539 1662 sanat
556 1628 714 1660 defee‘tum
737 1625 991 1667 praesentationis
1005 1635 1070 1666 cap.
1087 1630 1135 1657 18.
1157 1634 1188 1656 n.
1207 1636 1256 1659 ις.

362 1675 490 1710 citatio
503 1675 754 1705 Procuratorum
769 1671 973 1703 SacriMontis
990 1670 1042 1700 vel
1056 1668 1148 1700 Banci
1163 1671 1257 1710 &Spi-

446 1718 531 1750 ritus
558 1719 600 1748 est
623 1715 758 1748 omnino
776 1716 940 1746 necessaria
966 1715 996 1744 in
1012 1711 1173 1745 Mandatis
1190 1715 1259 1748 de,

447 1760 664 1802 consignando
689 1769 756 1798 cap.
773 1770 822 1795 24·
849 1770 880 1790 n.
895 1771 946 1795 42.
962 1761 988 1790 ὃ(
1006 1771 1056 1799 43.

360 1808 487 1843 Civitas
505 1803 728 1837 veliternensis
745 1803 844 1834 subest
855 1805 940 1834 Effio
951 1802 1109 1846 Episcopo
1125 1813 1190 1845 cap.
1202 1809 1255 1836 26.

448 1860 536 1881 num.
550 1854 602 1887 98.

361 1893 513 1930 Clausala
528 1899 621 1934 prout
633 1892 664 1923 in
682 1891 835 1922 Mandato
851 1900 936 1923 :non
951 1891 1106 1932 importat
1119 1891 1255 1922 relatio-

449 1948 522 1969 nem
551 1938 592 1968 ad
606 1936 793 1968 Mandatum
821 1946 887 1976 cap.
905 1945 953 1973 14.
974 1947 1005 1968 n.
1022 1948 1071 1978 35.
1085 1938 1108 1967 ὁ.
1125 1946 1191 1976 cap.
1205 1940 1256 1968 26.

451 1992 483 2013 n.
497 1995 528 2020 9.
542 1983 570 2013 6<
588 1991 636 2013 1ο.

362 2025 516 2061 Clausala
533 2025 679 2058 taxativa
693 2030 820 2055 coercet
834 2023 1093 2064 Attergationem
1109 2024 1148 2054 ad
1172 2031 1256 2055 tem·-

448 2081 507 2111 pus
523 2070 561 2100 ab
580 2073 768 2110 Attergante
783 2067 999 2108 praescriptum
1015 2079 1080 2108 cap.
1098 2073 1146 2099 16.
1162 2079 1190 2100 n.
1205 2080 1257 2108 90.

363 2115 516 2149 Clausula
543 2114 572 2144 in
587 2113 725 2146 solidum
750 2119 901 2154 operatur
916 2133 925 2148 ,
947 2119 982 2142 ut
998 2113 1078 2144 Loca
1096 2113 1257 2143 Montium

450 2158 574 2200 possessa
589 2170 605 2190 a
618 2158 723 2188 duobu
731 2157 958 2198 S‚refignentur
970 2155 1132 2188 Consensu
1161 2157 1255 2187 unius

450 2212 517 2241 cap.
539 2213 587 2238 19·
615 2211 644 2233 n.
661 2211 711 2240 33.

364 2246 515 2280 Clausula
542 2244 719 2275 dummodo
746 2245 886 2276 Poffeffio
911 2246 948 2276 fit
973 2255 1087 2277 vacans
1105 2266 1114 2282 ,
1138 2247 1165 2277 S<
1193 2245 1255 2276 {ine

453 2287 635 2331 prejudicio
649 2288 833 2319 habentium
848 2292 965 2326 majora
981 2315 988 2324 ,
1012 2292 1040 2321 8(
1064 2289 1190 2328 potiora
1207 2291 1256 2325 ju-

450 2345 484 2365 ra
499 2333 685 2372 apponenda
701 2334 742 2363 est
766 2331 797 2361 in
814 2332 957 2373 qualibet
972 2333 1198 2363 Translatione
1226 2334 1255 2363 S<

451 2377 599 2419 signanda
611 2378 643 2409 in
654 2374 750 2407 dorso
763 2374 1139 2408 Litteraruml’atentium
1156 2385 1256 2415 cap.9.

451 2432 537 2454 num.
558 2436 585 2452 7,.

365 2465 518 2500 Glauflsla
531 2465 708 2496 dummodo
723 2463 837 2495 sancita
866 2463 928 2494 fuit
953 2475 969 2495 a
986 2464 1152 2496 Clemente
1167 2465 1256 2497 VIII.

452 2519 519 2548 cap.
535 2520 584 2549 23.
613 2519 643 2539 n.
660 2515 731 2540 182.
751 2510 778 2538 8<
794 2517 858 2547 cap.
874 2517 924 2546 ις.
954 2517 985 2539 n.
1001 2521 1028 2547 5.

410 2553 521 2588 Deleri
539 2552 649 2592 nequit
662 2554 700 2583 ab
714 2551 976 2582 Administratore
993 2552 1154 2583 Montium
1169 2577 1178 2590 ,
1201 2562 1257 2583 nec

452 2599 490 2629 ab
507 2596 772 2628 Administratore
791 2595 1092 2633 Componendarum
1113 2596 1259 2628 resisten-

453 2648 485 2673 te
501 2639 740 2672 Constitutione
756 2638 916 2669 Benedicti
932 2640 1018 2671 xlv.
1044 2650 1110 2678 cap.
1123 2652 1153 2677 9.
1178 2650 1209 2672 n.
1226 2653 1257 2677 4·

451 2689 479 2719 8(
495 2694 627 2726 cap.2.5.
655 2692 686 2713 n.
705 2694 756 2722 13.

408 2732 456 2764 Et
472 2739 534 2760 non
549 2730 690 2760 obstante
708 2725 793 2768 lapsu
808 2726 933 2757 Biennii
949 2748 957 2762 ‚
981 2725 1154 2768 requiritur
1168 2729 1259 2759 Man-

453 2776 566 2806 datum
579 2771 700 2807 Judicis
712 2792 721 2808 ‚
746 2780 806 2803 una
827 2781 900 2801 cum
916 2771 1104 2811 Exequatur
1117 2771 1259 2803 Thesau-

452 2817 531 2849 rarii
547 2816 666 2846 ibidem
690 2824 720 2846 n.
738 2828 767 2857 5.
783 2817 810 2847 ὀὶ
826 2819 856 2846 6.

409 2863 550 2898 Deletur
561 2862 628 2900 post
641 2860 806 2892 biennium
820 2860 880 2889 sine
894 2857 1093 2900 obligatione
1108 2858 1275 2890 reducen?

452 2906 485 2937 di
513 2905 544 2936 in
570 2902 753 2944 pristinum,
780 2904 809 2935 ἃ
834 2903 947 2943 absque
966 2903 1088 2935 Cedula
1103 2904 1255 2944 Bancaria

452 2949 575 2981 ibidem
593 2958 622 2980 n.
645 2957 695 2980 ιο.

413 2992 614 3035 Apponenda
631 2993 673 3023 est
697 3000 783 3031 aeque
805 2989 836 3020 in
857 2989 1040 3022 succeffione
1054 2993 1092 3023 ab
1109 2992 1256 3025 intestato

454 3048 487 3068 ac
500 3048 540 3068 ex
552 3037 753 3068 'testamento
767 3034 888 3065 ibidem
910 3044 940 3066 n.
957 3046 1005 3066 ιι.

415 3083 486 3113 Non
499 3080 668 3121 apponitur
683 3079 715 3109 In
732 3078 958 3110 Translatione
972 3078 1209 3120 obligationum
1222 3082 1252 3114 8<

458 3124 608 3159 Ceffionis
625 3125 781 3155 fruetuum
795 3134 859 3164 cap.
874 3133 923 3162 23.
944 3132 974 3154 n.
995 3127 1066 3163 185.

414 3172 519 3206 Afficit
529 3171 760 3216 proprietatem
771 3174 799 3206 δι
810 3172 930 3219 fruetus
960 3180 991 3206 n,
1009 3178 1081 3208 186,

1023 152 1418 211 INDE

1489 152 1547 207 X

1345 220 1404 253 Per
1429 221 1543 253 dinam
1572 222 1810 263 Appofitionem
1841 222 2001 255 inducitur
2023 223 2188 257 vinculum

1391 266 1479 305 quod
1501 267 1520 296 sl
1550 268 1634 298 intra
1650 267 1818 298 Biennium
1836 265 1975 308 insurgat
1990 266 2104 306 aliquis
2133 271 2190 301 na-

1393 311 1468 340 bens
1486 314 1604 348 majora
1618 318 1672 343 aut
1687 312 1811 349 potiora
1825 315 1892 350 jura
1908 337 1916 350 ,
1943 313 2014 343 huic
2027 312 2120 342 datur
2136 313 2191 344 im·-

1392 353 1489 384 miffio
1504 354 1637 393 expulso
1649 355 1752 394 primo
1766 355 1895 387 Haerede
1922 367 1986 396 cap.
2002 369 2031 394 9.
2049 365 2079 386 n.
2100 367 2147 395 13.

1350 398 1387 429 In
1401 398 1465 428 vim
1479 397 1637 429 Clausulae
1654 399 1829 430 dummodo
1845 399 2090 430 LocaMontium
2106 400 2191 430 bien.

1393 442 1448 473 nio
1461 444 1540 472 stant
1553 442 1659 472 affeoa
1673 442 1782 473 favore
1799 444 1982 474 habentium
1999 448 2119 483 majora
2131 469 2140 483 ‚
2160 444 2189 475 S<

1397 485 1523 524 potiora
1534 488 1602 522 jura
1616 485 1734 515 ibidem
1759 496 1789 517 n.
1807 499 1854 522 14·

1310 528 1461 562 Clausula
1472 529 1648 558 dummodo
1664 529 1741 560 satit
1757 554 1764 567 ,
1781 537 1816 559 ut
1827 537 2028 569 comparente
2043 531 2190 573 digniore

1395 573 1570 603 Successore
1586 572 1763 604 resolvatur
1777 574 1911 613 poffeffio
1934 575 2027 613 primi
2040 576 2191 607 Poffeffo-

1395 617 1437 647 ris
1455 616 1572 646 ibidem
1596 625 1626 647 n.
1642 619 1725 649 iffi&
1738 627 1804 658 cap.
1822 629 1871 656 ις.
1893 627 1924 650 n.
1938 629 1967 656 7.

1350 659 1430 691 Ideo
1445 660 1613 700 apponitur
1630 661 1660 690 in
1674 661 1897 692 Translatione
1914 663 1992 693 facia
2008 661 2117 702 vigore
2129 662 2192 693 Te-

1391 704 1533 735 stamenti
1546 727 1555 741 ‚
1581 704 1654 744 quia
1669 707 1768 744 potest
1784 706 1909 736 fortasse
1932 704 2066 735 inveniri
2083 706 2192 736 Testa-

1392 754 1539 779 mentum
1558 747 1712 789 posterius
1727 749 1842 790 prioris
1865 750 2101 780 revocatorium
2126 758 2193 789 cap.

1396 804 1425 830 9.
1449 801 1535 822 num.
1552 805 1601 823 21.

1351 837 1395 866 Ut
1409 835 1555 865 deleatur
1570 858 1578 872 ,
1595 837 1662 867 fieri
1678 837 1774 867 debet
1787 835 1941 876 obligatio
1957 837 1995 866 de
2011 837 2191 867 reducendo

1393 878 1425 909 in
1450 880 1614 918 pristinum
1641 891 1711 910 cum
1737 880 1907 911 insertione
1929 880 1961 910 in
1976 882 2192 913 Instrumento

1396 923 1525 954 Cedulae
1540 925 1694 955 Bancariae
1719 935 1783 965 cap.
1799 936 1846 959 14.
1869 933 1897 955 n.
1912 929 1964 956 68.

1353 967 1539 1007 Apponitur
1550 967 1646 998 etiam
1662 976 1788 1010 propter
1803 967 2011 1007 suspicionem
2028 967 2193 1000 nullitatis

1394 1011 1446 1041 vel
1465 1011 1611 1042 falsitatis
1626 1013 1816 1044 Testamenti
1833 1012 1947 1043 ibidevn
1976 1022 2007 1042 n.
2022 1024 2073 1052 23-

1349 1055 1435 1086 Ante
1449 1055 1714 1088 Constitutionem
1726 1056 1885 1087 Benediciti
1903 1057 1989 1087 XIV.
2013 1055 2191 1086 tollebatur

1391 1098 1458 1138 post
1470 1098 1788 1139 elapsumBiennium
1804 1110 1876 1131 cum
1893 1100 2046 1130 Mandato
2056 1098 2196 1130 Thesau-

1394 1142 1490 1180 rarii,
1516 1152 1598 1173 nunc
1624 1155 1700 1175 vero
1724 1143 1856 1174 tollitur
1879 1143 2030 1175 Mandato
2056 1142 2193 1181 cujusvis

1388 1187 1508 1223 Judicis
1525 1188 1679 1220 ordinarii
1696 1188 1813 1220 ibidem
1836 1197 1865 1218 n.
1884 1200 1934 1223 24·

1350 1231 1576 1271 Deleri'potest
1589 1233 1743 1272 pendente
1759 1232 1887 1262 biennio
1903 1257 1911 1269 ‚
1934 1230 2110 1260 dummodo
2124 1240 2195 1269 praen

1393 1277 1489 1306 stetur
1504 1276 1620 1308 Cautio
1644 1277 1802 1307 mediante
1828 1275 1948 1306 Cedula
1967 1273 2117 1306 Bancaria
2133 1297 2140 1309 ‚
2165 1278 2195 1307 8(

1396 1320 1452 1349 fiat
1475 1319 1634 1360 obligatio
1661 1319 1831 1351 reducendi
1864 1319 1895 1349 in
1921 1319 2081 1359 pristinum
2112 1317 2195 1350 Loca

1394 1363 1552 1393 Montium
1577 1375 1638 1404 cap.
1651 1378 1680 1402 9-
1704 1375 1733 1396 n.
1751 1376 1801 1402 27.

1348 1406 1516 1441 Biennium
1534 1407 1689 1441 Clausulae
1704 1408 1881 1439 dummodo
1897 1409 1953 1438 Sic.
1970 1406 2084 1446 incipit
2106 1418 2122 1438 a
2143 1408 2193 1440 die

1393 1451 1630 1484 Translationis
1647 1453 1763 1484 ibidem
1776 1462 1806 1484 n.
1819 1458 1869 1484 28.
1884 1453 1910 1483 &
1926 1460 1988 1489 cap.
2005 1461 2057 1486 ις.
2074 1459 2103 1482 n.
2118 1465 2149 1489 9.

1350 1495 1548 1535 Apponenda
1561 1499 1602 1529 est
1617 1497 1713 1528 etiam
1724 1497 1754 1527 in
1767 1495 1837 1527 casu
1849 1493 2128 1537 quodTranslatio
2142 1497 2196 1527 fiat

1389 1541 1456 1579 post
1470 1540 1545 1569 decu
1552 1539 1600 1572 rsu
1607 1540 1807 1572 mBiennium
1819 1543 1857 1572 ab
1869 1539 1960 1570 obitu
1972 1537 2130 1570 Montistae
2143 1541 2197 1572 ibi-

1387 1584 1458 1614 dem
1484 1593 1570 1617 num.
1585 1598 1633 1627 30.

1355 1628 1552 1668 Apponenda
1569 1640 1632 1660 non
1656 1630 1730 1660 esset
1755 1629 1785 1659 in
1802 1628 2029 1661 'translatione
2045 1628 2197 1667 Atterga-

1398 1672 1496 1703 tionis
1511 1676 1666 1706 Locorum
1682 1673 1841 1705 Montium
1857 1674 1909 1705 sed
1922 1672 2118 1702 contrarium
2132 1671 2193 1703 ser-

1394 1724 1491 1747 vatur
1508 1718 1538 1748 in
1557 1718 1648 1750 Praxi
1663 1717 1779 1749 ibidem
1800 1728 1830 1750 n.
1847 1718 2083 1755 31.32.&33.

1350 1761 1424 1792 Non
1442 1763 1609 1802 apponitur
1632 1764 1663 1793 in
1674 1762 1852 1795 cassatione
1866 1760 2116 1803 Obligationum
2130 1768 2197 1800 cap.

1398 1817 1445 1841 ¹4-
1472 1815 1501 1838 n.
1518 1816 1568 1848 32.

1350 1850 1415 1882 Tot
1427 1857 1630 1890 apponuntur
1643 1851 1800 1884 Clausulae
1816 1849 1996 1882 dummodo
2008 1874 2017 1889 ,
2031 1853 2111 1890 quot
2123 1846 2198 1880 sunt

1393 1896 1622 1933 provenientiae
1650 1906 1716 1936 cap.
1733 1908 1782 1932 14-
1806 1905 1836 1926 n.
1854 1901 1904 1933 69.

1352 1938 1491 1971 Deletur
1504 1941 1782 1975 MandatoJudicis
1797 1939 1920 1969 tenoris
1935 1940 1992 1969 Sic.
2005 1940 2195 1976 cap.25.n.8.

1352 1984 1536 2022 Apponitur
1550 1985 1647 2015 etiam
1671 1985 1701 2015 in
1715 1983 1940 2016 Translatione
1955 1978 2194 2013 Reservationis

1397 2029 1522 2059 frueluu
1532 2039 1559 2058 m
1575 2040 1638 2068 cap.
1654 2040 1704 2067 ις.
1726 2039 1756 2060 n.
1773 2040 1822 2069 39.

1308 2070 1460 2102 Clemens
1476 2073 1650 2104 XLstatuit
1663 2072 1902 2113 Resignationes
1926 2069 2081 2110 rogandas
2096 2067 2153 2098 effe
2177 2074 2194 2096 a

1396 2117 1581 2147 Secretariis
1597 2127 1661 2157 cap.
1679 2129 1707 2156 7.
1730 2126 1758 2147 n.
1775 2126 1827 2154 43.

1308 2158 1459 2191 Clemens
1490 2161 1546 2193 ΡΡ.
1569 2161 1624 2191 x1.
1651 2160 1791 2189 reunivit
1818 2156 2003 2188 Secretarias
2035 2152 2196 2185 Montium

1394 2204 1505 2244 easque
1516 2203 1776 2234 administrandas
1795 2202 1931 2231 credidit
1944 2200 2114 2230 Advocato
2128 2196 2193 2227 Phi-

1393 2247 1478 2286 lippo
1494 2246 1633 2277 Ces-irini
1647 2256 1711 2284 cap.
1729 2258 1756 2285 5.
1780 2255 1808 2276 n.
1829 2257 1875 2282 17.

1306 2290 1458 2321 Clemens
1472 2291 1544 2322 XII.
1559 2290 1621 2320 fuit
1640 2290 1763 2331 pridem
1775 2287 2007 2321 'thesaurarius
2025 2284 2195 2317 Generalis

1393 2345 1459 2374 cap.
1477 2345 1505 2371 5.
1532 2345 1563 2365 n.
1583 2345 1630 2373 ¹5·

1306 2379 1457 2411 Clemens
1472 2379 1564 2410 VIII·
1575 2378 1735 2418 suppreslit
1749 2378 1830 2408 Loca
1845 2375 2003 2407 Montium
2017 2381 2093 2405 tunc
2105 2382 2191 2403 vaca-

1394 2423 1492 2461 bilia,
1516 2432 1690 2464 eorumque
1718 2421 1864 2452 redditus
1890 2418 2027 2450 restituit
2051 2419 2190 2448 Camerae

1395 2476 1462 2506 cap.
1478 2478 1505 2505 5.
1530 2476 1558 2498 n.
1574 2477 1601 2507 3.

1352 2511 1477 2543 Indixit
1494 2510 1678 2541 vinculum:
1694 2510 1736 2540 ob
1750 2518 1813 2539 non
1830 2506 2063 2539 exhibitionem
2081 2504 2190 2535 littera

1395 2565 1464 2585 rum
1478 2554 1679 2586 Patentium:
1696 2562 1762 2593 cap.
1778 2555 1828 2583 26.
1850 2561 1880 2582 n.
1895 2561 1966 2590 119,

1308 2599 1577 2631 CLEMENSXIII.
1602 2601 1667 2636 eius
1694 2603 1782 2627 motu
1807 2595 1935 2636 proprio
1961 2593 2123 2626 consuluit
2137 2592 2191 2622 in-

1393 2643 1564 2673 demnitati
1579 2645 1678 2673 Sacrae
1689 2641 1776 2670 IEdis
1792 2639 1924 2671 Pietatis
1939 2640 2019 2672 circa
2041 2637 2167 2668 fraudes
2181 2658 2191 2674 ,

1393 2697 1461 2729 quae
1478 2686 1634 2717 dabantur
1647 2686 1678 2717 in
1694 2685 1862 2715 ordinibus
1885 2694 1951 2724 cap.
1964 2694 2017 2719 24.
2039 2691 2069 2711 n·
2091 2693 2144 2717 44-

1308 2729 1424 2763 clerici
1447 2730 1610 2771 regulares
1626 2730 1656 2760 in
1679 2729 1828 2767 temone,
1852 2727 1904 2759 seu
1924 2726 2189 2758 renunciatione,

1395 2775 1552 2806 Locorum
1566 2772 1724 2805 Montium
1736 2773 1903 2812 impetrare
1915 2771 2031 2802 debent
2042 2768 2188 2810 Benepla-

1394 2819 1494 2849 citum
1509 2817 1716 2859 apostolicum
1739 2827 1803 2858 cap.
1820 2827 1870 2848 ao.
1894 2825 1923 2847 n.
1939 2821 1988 2854 38.

1307 2862 1435 2895 Clerico
1463 2862 1662 2903 prohibitum
1687 2862 1728 2892 est
1753 2870 1857 2892 creare
1882 2859 2012 2891 Cambia
2036 2859 2064 2888 St
2091 2865 2187 2897 quare

1394 2917 1460 2947 cap.
1476 2919 1525 2939 zo.
1547 2916 1576 2938 n.
1592 2910 1644 2945 67.

1351 2951 1423 2982 Non
1435 2961 1512 2981 vero
1524 2950 1625 2981 eidem
1634 2948 1840 2981 interdic-stum
1854 2948 1896 2979 est
1906 2956 2008 2978 creare
2020 2942 2188 2976 Cambium

1396 2995 1544 3035 paffivum
1571 3004 1637 3034 cap.
1656 3005 1705 3025 20.
1729 3004 1760 3024 n.
1777 2998 1827 3024 68.

1306 3037 1436 3072 Clerito
1465 3038 1665 3079 prohibitum
1691 3038 1733 3068 est
1757 3036 1867 3067 cedere
1882 3037 1999 3068 fruftus
2013 3033 2187 3066 Beneficio-

1389 3093 1458 3113 rum
1472 3092 1536 3123 cap.
1554 3094 1603 3115 20.
1629 3091 1659 3114 n.
1676 3092 1724 3119 70.

1346 3126 1392 3157 Et
1404 3127 1534 3167 quidem
1557 3125 1612 3159 sub
1625 3135 1719 3168 poena
1732 3122 2079 3158 Excommunicationis
2091 3133 2120 3153 n.
2136 3135 2184 3161 72.
2241 3135 2243 3137 ·

1381 3179 1409 3210 ἃ
1428 3187 1478 3216 73·
2054 3167 2135 3204 Cle-
