2300 3547
350 216 454 258 judex
467 160 500 247 Z
513 221 579 244 non
605 209 847 250 administrator
869 209 1037 247 Montium
1057 212 1252 256 inquirere..

438 258 534 289 debet
560 256 652 299 super
679 258 851 290 validitate
878 264 936 290 aut
959 257 1113 291 nullitate
1140 260 1250 293 Testa*

441 300 544 333 menti
565 311 635 342 cap.
657 313 710 344 ²3·
731 313 763 337 n.
796 307 850 343 65.

386 345 425 382 Si
449 346 577 378 dubitet
604 346 785 389 legitimam
811 347 902 380 fuisse
914 348 1095 380 detractam
1115 359 1156 382 ex
1173 348 1249 381 aliis

437 390 540 423 Bonis
555 413 565 428 ‚
589 391 689 422 debet
704 391 858 424 abstinere
884 402 903 423 a
928 391 1097 424 deletione
1123 393 1252 424 vinculi

439 435 670 471 Pdeicommiffi
679 446 739 477 pro
751 436 862 469 effeetu
872 436 1085 469 detraffionis
1096 436 1250 480 legitimae

441 488 510 520 cap.
523 491 575 521 ²3·
599 488 630 511 n.
647 490 721 513 100.

395 527 485 559 ‘Ante
511 522 710 556 deletionem
732 523 858 556 vinculi
885 536 927 561 ex
941 523 1036 561 Locis
1052 524 1248 558 Montium..

395 567 398 570 ’
438 566 626 610 particulari
640 568 900 600 Fideicommiffo
911 569 1070 610 subjeffis,
1085 569 1252 611 inquirere

438 613 538 643 debet
556 635 566 649 ‚
585 611 650 643 alia
664 621 730 644 non
742 613 842 646 adesse
854 614 945 647 Bona
956 641 967 655 ,
993 626 1035 647 ex
1060 613 1178 656 quibus
1193 614 1252 647 de·-

439 656 525 688 trahi
538 655 628 694 possit
642 655 802 699 Legitima
813 667 882 698 cap.
896 672 949 699 23·
973 668 1004 691 n.
1031 670 1103 696 109.

392 701 469 733 Non
484 700 611 741 poss'unt
622 698 769 742 supplere
782 702 982 736 consensum
996 703 1103 736 Patris
1115 712 1249 736 renuen-

444 747 489 777 tis
512 743 644 793 quando
668 744 753 782 adest
762 748 891 787 paetum
901 755 958 780 aut
975 747 1190 780 Consuetudo
1213 750 1247 781 in

444 797 503 820 con
513 795 649 819 tranum
664 799 730 830 cap.
744 803 796 832 23·
810 800 841 824 n.
853 798 926 826 162.

349 831 480 872 Judices
511 831 602 874 pacta
627 834 658 866 ἃ
672 835 923 870 Conventiones
948 837 1076 873 servare
1092 841 1248 869 tenentur

442 886 513 915 caP.
539 886 592 912 24.
616 886 651 908 n·
666 882 737 915 164.
752 880 781 911 Sc
797 885 874 921 167.

349 921 457 961 Judex
480 919 537 951 ille
549 919 671 953 dicitur
683 929 894 966 competens,
913 926 966 958 cui
978 927 1117 959 Donans
1130 926 1186 959 vel
1199 935 1250 957 res

437 966 557 997 donata
572 963 705 1003 subjesta
719 967 895 1001 estibidem
909 982 942 1004 n.
957 981 1030 1012 ¹7⁷·

392 1009 524 1044 Dicitur
541 1017 558 1038 a
569 1008 645 1041 Deo
661 1012 854 1045 constitutus
866 1040 878 1055 ‚
901 1018 931 1050 ἃ
945 1016 985 1047 iic
997 1014 1139 1057 judIcare
1154 1014 1250 1045 debet

439 1053 521 1093 iusto
531 1051 655 1090 judicio
667 1061 781 1096 n.187.

349 1095 513 1138 Judicium
537 1096 703 1130 diversum
718 1100 786 1135 fieri
799 1100 896 1135 debet
908 1104 942 1137 in
957 1104 1030 1137 foro
1045 1110 1184 1137 externo
1207 1102 1246 1134 ab

439 1139 500 1172 illo
516 1141 580 1174 fori
596 1141 716 1175 interni
737 1154 805 1186 cap.
822 1152 915 1181 16.n.
928 1152 1019 1190 65.&
1038 1154 1094 1181 66.

350 1184 456 1226 Judex
466 1185 584 1216 damna
596 1187 625 1218 ἃ
639 1188 785 1220 interesse
800 1191 990 1228 Mulieribus
1003 1218 1013 1233 ‚
1031 1190 1220 1224 Minoribus
1233 1217 1245 1229 ‚

439 1231 470 1262 δι
482 1229 618 1270 Pupillis
631 1229 744 1265 sarcire
757 1238 908 1275 tenetur,
934 1238 956 1268 fi
968 1237 1078 1269 omifit
1090 1235 1248 1278 quicquid

439 1272 719 1307 inConstitutione
731 1277 939 1313 Benedistina
949 1281 1111 1317 sancitum
1123 1282 1166 1312 est
1178 1289 1246 1322 cap.

441 1328 496 1357 23·
522 1327 554 1350 n.
584 1324 662 1358 189·
736 1349 740 1352 Δ
757 1335 763 1349 e

390 1359 549 1403 allegare
569 1361 667 1394 debet
681 1364 820 1399 causam
836 1367 1017 1401 deletionis
1032 1367 1247 1402 vinculorum

441 1414 474 1437 n.
504 1414 578 1446 190.

391 1448 515 1480 Delere
528 1449 807 1487 debetvinculum
831 1454 997 1489 resultans
1013 1467 1031 1488 a
1046 1457 1245 1490 difflonibus

441 1492 592 1526 relativis
607 1519 617 1535 ,
629 1496 682 1527 vel
694 1496 856 1531 declarare
868 1526 878 1540 ,
890 1503 980 1542 quod
993 1501 1152 1534 dictiones
1168 1514 1246 1543 prae-

436 1536 527 1568 ‹1562ae
541 1548 606 1569 non
618 1539 800 1581 importent
814 1544 987 1579 Vinculum
997 1549 1201 1580 ca.26.n.6.&
1215 1558 1246 1589 7.

345 1581 423 1620 Jure
436 1579 607 1623 disceptare
622 1585 665 1615 est
675 1588 743 1624 jure
757 1588 897 1626 judicare
913 1599 980 1631 cap.
993 1603 1045 1623 22.
1058 1599 1090 1622 n.
1105 1604 1135 1623 2.

347 1625 425 1667 Jura
438 1625 848 1665 verificantiacontraerum
866 1644 883 1665 a
896 1633 1021 1666 Minore
1037 1634 1089 1667 vel
1104 1635 1241 1668 Muliere

438 1669 604 1710 expletum
623 1671 765 1706 rimanda
780 1675 855 1711 sunt
865 1688 882 1709 a
892 1679 998 1717 judice
1010 1690 1066 1720 per
1079 1678 1109 1711 se
1124 1680 1240 1721 ipsum,

437 1714 467 1745 &
481 1723 544 1746 non
556 1726 610 1756 per
621 1716 842 1758 interpositam
862 1722 1031 1754 Personam
1046 1730 1239 1761 ca.22.n.46.

344 1756 422 1798 Jura
434 1755 555 1790 suntin
575 1759 652 1792 aeris
666 1763 892 1804 producenda,
917 1769 947 1799 Sc
974 1777 1039 1799 non
1066 1767 1239 1801 indicanda

435 1801 488 1834 vel
503 1805 677 1843 repetenda
698 1816 763 1847 cap.
783 1813 879 1843 26.n.
898 1820 947 1843 rr.

387 1846 464 1878 Non
477 1847 633 1883 obstante,
657 1852 744 1890 quod
760 1854 869 1885 eadem
880 1856 950 1893 iura
964 1855 1024 1887 {int
1037 1856 1121 1896 apud
1133 1855 1235 1888 alium

435 1891 610 1923 Notarium
622 1892 717 1934 ipfius
734 1895 923 1930 Tribunalis
940 1910 1009 1940 cap.
1022 1906 1074 1935 πό.
1092 1912 1123 1932 n.
1140 1913 1188 1933 η.

384 1934 448 1967 ¹'Ast
460 1935 715 1976 affertiojudicis
744 1941 857 1973 vidisse
872 1943 904 1973 in
925 1945 1022 1975 fonte
1039 1945 1235 1985 diclajura.»

435 1978 625 2020 aequipollet
641 1981 844 2023 produaioni
858 1986 977 2019 ibidem
994 1999 1024 2020 n.
1041 2000 1091 2025 ¹4-

392 2022 502 2054 Potest
515 2024 722 2062 condemnari
734 2039 774 2060 ex
791 2031 893 2070 capite
908 2032 1114 2074 negligentiae
1139 2042 1169 2065 n.
1187 2037 1238 2073 85.

343 2066 400 2107 Jus
414 2089 424 2104 ‚
438 2065 490 2097 seu
507 2067 645 2100 facultas
658 2073 847 2105 nominandi
864 2077 1021 2114 probatur
1033 2102 1041 2111 ,
1055 2077 1240 2109 Testamen-

433 2116 469 2141 to
492 2133 503 2148 ,
526 2113 744 2162 instrumento
760 2139 770 2155 ,
797 2118 930 2162 aliisque
958 2121 1094 2163 publicis
1119 2123 1238 2155 Monu-

437 2161 555 2187 mentis
571 2166 636 2199 cap.
654 2170 699 2199 ις.
719 2171 749 2193 n.
766 2171 817 2202 ις.

343 2197 418 2236 Sure
435 2199 593 2232 Gentium
607 2203 749 2237 distine'ta
767 2212 858 2237 erant
873 2207 1017 2239 dominia
1032 2219 1098 2248 cap.
1115 2214 1236 2252 16.n.3.

343 2243 420 2279 jure
432 2243 590 2274 Gentium
605 2267 615 2282 ‚
638 2248 664 2279 8<
680 2249 769 2281 civili
796 2251 937 2282 inventae
960 2251 1035 2283 sunt
1063 2253 1237 2294 quaedanu

434 2287 595 2318 formulae
609 2298 719 2320 rerum
741 2296 1080 2327 communicandarum
1096 2298 1236 2328 Contra-

439 2332 510 2362 Εὶιισ
525 2332 692 2371 appellatae
707 2333 826 2368 ibidem
838 2347 871 2369 n.
889 2349 918 2377 5.

344 2373 419 2410 ,lura
429 2375 489 2405 mit
497 2377 594 2407 tenda
605 2377 644 2407 ad
656 2383 784 2411 exteras
797 2381 955 2414 Nationes
970 2387 1104 2422 oportet
1114 2389 1151 2413 ut
1162 2382 1238 2418 sub)

432 2417 610 2451 scribantur
623 2431 639 2452 a
654 2420 782 2458 duobus
808 2426 1041 2458 Mercatoribus
1055 2427 1153 2459 Urbi&
1165 2429 1236 2460 Ro-

435 2472 492 2493 mae
506 2472 572 2503 cap.
589 2470 639 2496 26.
656 2474 685 2497 n.
699 2470 752 2496 26.

343 2506 419 2545 jura
433 2505 610 2540 archiviata
625 2508 835 2550 aequipollent
861 2513 1092 2555 Recognitioni
1110 2516 1237 2547 testium

434 2561 465 2582 n.
490 2561 541 2589 27.

342 2593 430 2631 Juris
455 2594 622 2634 dispofitio
647 2597 745 2629 citius
771 2604 924 2639 operatur
947 2611 1044 2642 quam
1069 2602 1235 2643 dispofitio

434 2639 588 2671 Hominis
603 2650 670 2681 cap.
688 2648 737 2675 26.
749 2653 780 2675 n.
796 2654 807 2673 ι
819 2655 868 2675 12.

346 2682 475 2718 judicio
490 2683 681 2717 Tribunalis
694 2688 835 2719 Camerae
859 2686 892 2719 fn
919 2690 1054 2722 materia
1074 2693 1234 2723 Locorum

434 2726 598 2758 Montium
613 2731 757 2764 standum
773 2734 891 2772 estcap.
910 2745 937 2772 7.
952 2742 985 2766 n.
998 2744 1046 2774 ις.

344 2770 448 2805 ,Ῑιιῐῑιιε
461 2772 639 2811 Superioris
656 2776 786 2808 excusat
802 2776 1103 2810 Administratorem
1120 2781 1157 2811 de
1170 2790 1234 2812 ma-

433 2815 463 2848 la
477 2816 749 2851 administratione
761 2821 959 2853 officialium
972 2834 1036 2864 cap.
1054 2837 1082 2862 7.
1094 2834 1123 2856 n.
1141 2837 1192 2857 22.

342 2857 523 2893 =iuvenibus
543 2861 722 2894 Secretariae
738 2865 897 2896 Montium
911 2867 1071 2899 incumbit
1085 2878 1167 2899 onus
1183 2880 1237 2902 ex-

432 2903 585 2934 trahendi
598 2909 735 2945 partitas
749 2929 759 2944 ,
786 2911 814 2941 S<
829 2910 1021 2943 conficiendi
1036 2913 1164 2944 litteras
1177 2924 1236 2954 pa-

428 2953 535 2978 tentes
563 2949 655 2987 juxta
679 2951 798 2994 species
825 2952 939 2986 iisdem
963 2956 1137 2989 destinatas
1166 2967 1234 3000 cap.

432 3002 485 3032 25.
499 3002 530 3026 n.
547 3005 598 3034 27·

430 3079 518 3110 Abor
543 3081 705 3132 maximus
728 3086 1009 3119 Administratoris
1034 3087 1230 3122 Montium

438 3131 573 3166 emergit
584 3136 600 3156 a
612 3130 702 3169 copia
712 3130 919 3163 Materiarum
931 3143 999 3173 quae
1011 3133 1118 3165 omnia
1131 3133 1231 3164 Urbis

431 3168 623 3201 Tribunalia
660 3173 767 3209 eidem
787 3176 1050 3217 Administratori
1072 3178 1227 3213 commit-

429 3217 504 3245 tunt
516 3218 627 3259 capa
643 3226 674 3253 n.
692 3230 721 3260 7.

2015 97 2021 139 Ρ

1021 130 1559 207 INDEX

1346 219 1393 250 Et
1417 219 1459 250 ob
1480 215 1707 261 dispolitione's
1731 218 1984 260 testamentariae
2005 229 2015 268 ζ
2042 228 2188 270 Examen

1391 262 1536 299 Testium
1549 264 1641 306 super
1654 265 1977 307 obituMontistarum
1989 276 2029 306 ab
2041 274 2188 310 intestato

1392 307 1547 341 Mandata
1562 311 1708 342 Procurae
1723 322 1797 345 cum
1815 312 2077 353 solemnitatibus
2095 344 2103 356 ‚
2118 321 2189 352 No,

1389 353 1589 387 minationes
1618 354 1659 384 ad
1680 358 1906 398 Cappeuanias
1932 386 1941 399 ‚
1976 364 2190 398 Instrumenta,

1390 397 1660 431 'transactionum
1671 419 1682 436 ,
1696 407 1863 444 ceteraque
1876 414 1930 443 per
1939 405 2060 439 dietum
2071 407 2188 442 Admi-

1391 442 1598 475 nistratorem
1612 439 1827 483 perlustranda
1842 447 1960 480 ibidem
1973 461 2002 484 n,
2014 455 2045 484 8,

1303 483 1428 519 Laurea
1439 486 1599 521 doetorali
1615 488 1783 529 insignitus
1797 491 1855 522 effe
1868 493 2074 529 debetJudex
2085 496 2189 529 intera

1390 539 1516 573 ponens
1530 531 1657 563 decreta
1669 532 1749 564 alias
1762 533 1837 565 sunt
1850 534 1939 567 nulla
1954 547 2020 578 cap.
2036 551 2088 571 22.
2104 551 2188 582 n.31‚

1303 575 1423 621 Legata
1435 584 1474 609 ex
1490 575 1643 618 rescripto
1656 577 1838 609 saneriffimi
1851 580 2028 621 aliquando
2042 588 2191 623 praestan.

1389 627 1443 661 tur
1459 627 1535 652 ante
1549 620 1635 652 diem
1649 629 1667 651 a
1679 620 1819 663 Legante
1833 622 1999 665 defignatfi
2008 618 2189 670 C.r4.n.9},

1346 666 1562 711 Qommodo
1572 665 1761 706 Legatarius
1776 666 1806 698 se
1821 677 1930 709 gerere
1944 670 2060 702 debeat
2070 683 2129 713 pro
2142 676 2191 706 le.²

1389 708 1456 751 gati
1470 708 1698 742 consecutione
1707 720 1739 743 n.
1753 723 1808 750 97.

1300 754 1460 797 Legatum
1473 754 1592 786 faetum
1615 753 1739 785 intuitu
1757 754 1873 793 studii,
1898 756 2017 790 dicitur
2037 757 2186 795 fastum..

1388 800 1498 832 favore
1512 798 1641 841 publico
1653 808 1720 840 cap.
1734 811 1745 831 r
1755 809 1784 840 5.
1796 808 1828 832 n.
1840 811 1894 840 43.

1346 846 1394 876 Ac
1407 849 1577 884 reputatur
1592 842 1682 884 pium
1698 865 1708 881 ,
1722 850 1758 875 ut
1772 844 1874 885 magis
1886 845 2190 890 conserveturn.44.

1299 890 1420 931 Legata
1433 889 1515 921 sumi
1527 889 1646 922 debent
1657 886 1695 919 de
1708 898 1802 919 manu
1815 889 1958 922 Heredis
1974 904 2191 935 cap.25.n.44.

1301 935 1403 976 Leges
1425 933 1570 976 expressae
1583 934 1616 965 in
1631 932 1819 965 Parentibus
1842 932 2002 970 servandae
2027 938 2103 971 sunt
2123 950 2189 981 cap,

1393 990 1408 1008 2
1437 1002 1444 1010 .
1472 987 1503 1012 n.
1532 990 1544 1010 1
1555 989 1605 1019 57.

1300 1026 1403 1067 Leges
1416 990 1465 1055 3in
1485 1032 1551 1055 uno
1579 1020 1651 1053 casu
1676 1020 1864 1052 othnentes
1885 1032 1942 1055 nec
1957 1036 1997 1057 ex
2013 1025 2187 1058 identitate

1383 1067 1519 1098 rationis
1535 1065 1620 1098 trahi
1634 1065 1754 1098 debent
1764 1065 1804 1100 ad
1816 1066 1922 1100 casum
1938 1069 2103 1102 diversum
2119 1081 2188 1113 cap.

1389 1122 1418 1151 5.
1449 1120 1480 1143 n.
1526 1134 1534 1143 .

1300 1155 1465 1199 Legitima
1475 1123 1603 1187 dgtrahi
1615 1152 1649 1186 in
1663 1159 1772 1186 totum
1782 1156 1851 1185 ‘non
1862 1155 1961 1187 debet
1972 1166 1989 1187 a
2001 1156 2083 1188 locis
2096 1168 2189 1188 mon-

1388 1200 1471 1231 tium
1487 1220 1495 1236 ,
1523 1198 1576 1234 sed
1589 1199 1706 1238 partim
1722 1200 1760 1230 ab
1776 1198 1852 1229 aliis
1864 1201 1963 1231 Bonis
1979 1207 2188 1241 cap-23.11.86.

1340 1243 1536 1286 Depuranda
1551 1244 1594 1277 est
1606 1252 1623 1273 a
1634 1243 1767 1274 vinculo
1780 1242 2021 1276 Fideicommiffi
2036 1256 2065 1277 n.
2080 1252 2131 1284 87.

1341 1290 1416 1320 Non
1428 1287 1594 1319 amittitur
1609 1298 1663 1328 per
1679 1286 1873 1317 omissionem
1891 1289 2071 1321 Inventarii
2084 1302 2116 1322 n.
2135 1295 2186 1322 16.

1297 1332 1387 1366 Libri
1404 1333 1577 1365 existentes
1601 1342 1697 1373 penes
1723 1330 1904 1363 Officialem
1927 1343 2090 1375 gerentem
2104 1333 2189 1366 listas

1390 1376 1558 1409 transeunt
1572 1377 1603 1408 in
1619 1377 1826 1407 Succefforem
1843 1386 1908 1415 cap.
1928 1388 1972 1410 η,
1984 1388 2013 1410 n.
2032 1388 2080 1422 ¹4-

1298 1422 1394 1458 Liber
1411 1421 1735 1463 Transportationum
1748 1420 1902 1451 inventus
1922 1424 1963 1453 est
1983 1431 2000 1452 a
2025 1423 2181 1453 moderno

1386 1465 1656 1500 Administratore
1685 1474 1745 1506 pro
1767 1463 1894 1497 meliori
1921 1466 2077 1507 regimine
2099 1464 2182 1507 cap.

1387 1525 1418 1544 2.
1445 1521 1478 1542 n.
1505 1521 1559 1548 44.

1299 1557 1443 1592 Licentia
1456 1555 1495 1586 de
1511 1554 1676 1587 redeundo
1690 1553 1730 1583 ad
1744 1552 1886 1584 tribunal
1910 1555 2053 1585 Camerae
2069 1562 2188 1585 conce-

1386 1601 1475 1633 ditur
1486 1601 1524 1632 ab
1542 1597 1701 1633 Auditore
1713 1597 1893 1630 Sanffiffimi
1906 1599 2043 1629 constito
2059 1598 2097 1629 de
2114 1607 2189 1638 gran

1383 1645 1512 1677 vamine
1528 1668 1537 1682 ‚
1561 1645 1591 1675 ὅ(
1602 1642 1715 1677 citatis
1730 1643 1879 1674 Interesse
1895 1642 2088 1674 habentibus
2105 1643 2185 1682 Cap?

1405 1702 1435 1722 0.
1463 1699 1496 1720 n.
1553 1698 1582 1719 1.

1290 1699 1551 1768 Listae⁷Loc0ru1ia
1570 1729 1733 1763 Montium
1746 1755 1754 1768 ‚
1778 1740 1846 1773 quae
1859 1731 1897 1762 ab
1912 1740 1977 1761 uno
1994 1742 2034 1762 ex
2052 1729 2185 1762 Officia-

1379 1778 1464 1809 libus
1481 1776 1659 1808 Secretariae
1686 1776 1902 1808 extrahuntur
1929 1774 1967 1805 de
1986 1774 2133 1807 Bimestri
2151 1775 2183 1805 in

1374 1822 1523 1855 Bimestre
1534 1831 1550 1851 a
1564 1819 1745 1851 Broliardis
1756 1845 1765 1858 ‚
1782 1818 2050 1851 transmittuntur
2064 1817 2103 1849 ad
2118 1819 2188 1850 Raa

1381 1867 1609 1897 timinatorem
1632 1866 1711 1904 Cap.
1728 1876 1754 1894 1.
1773 1873 1804 1894 n.
1825 1875 1874 1903 ις.

1286 1910 1368 1944 Lista
1383 1910 1545 1942 Locorum
1562 1909 1724 1940 Montium
1738 1909 1851 1940 Restau
1859 1908 1919 1939 rati
1932 1906 2027 1948 primi
2039 1904 2186 1946 suppres-

1378 1956 1400 1986 sl
1415 1964 1432 1985 a
1445 1954 1615 1987 Clemente
1631 1953 1724 1985 ΧΙΙΙ.
1740 1951 1916 1984 transmiffa
1931 1954 1974 1983 est
1993 1962 2010 1982 a
2038 1949 2187 1982 Ratioci-¹

1377 2004 1489 2031 natore
1505 1998 1542 2029 ad
1560 1997 1763 2030 secretariam
1776 2007 1834 2038 pro
1858 1997 2036 2030 commodo
2051 1994 2185 2027 Officia-

1379 2044 1459 2073 liutn
1479 2043 1558 2083 Cap.
1575 2056 1604 2076 2.
1619 2053 1650 2075 n.
1668 2052 1724 2077 45·

1292 2087 1377 2119 Listae
1392 2087 1552 2118 Locorum
1582 2085 1747 2118 Montium
1762 2083 1901 2122 cujusvis
1916 2082 2031 2126 speciei
2044 2083 2184 2116 existunt

1376 2139 1473 2172 penes
1500 2131 1802 2167 Administratorem
1817 2127 2068 2158 utcommodius
2099 2126 2183 2158 Loca

1373 2175 1534 2207 Montium
1551 2176 1661 2204 datum
1675 2173 1712 2201 s1t
1739 2171 1927 2203 adinvenire
1942 2171 2021 2210 Cap.
2033 2182 2065 2206 4.
2087 2181 2117 2200 n.
2132 2175 2183 2206 61,

1330 2220 1483 2250 Existunt
1506 2227 1636 2258 quoque
1661 2223 1758 2256 penes
1784 2215 2069 2246 Ratiocinatorem
2085 2216 2180 2245 Mon-

1373 2261 1455 2291 tium
1471 2261 1589 2291 ibidem
1607 2270 1640 2291 n.
1656 2264 1709 2291 62.

1330 2304 1613 2336 Transmittuntur
1627 2313 1644 2334 a
1657 2304 1828 2334 Secretaria
1847 2304 1886 2336 ad
1902 2302 2180 2336 Ratiocinatorem

1374 2359 1391 2378 a
1405 2359 1469 2389 quo
1484 2350 1652 2380 transitum
1663 2347 1790 2378 faciunt
1802 2348 1841 2381 ad
1856 2347 2081 2391 Depositarios
2098 2370 2106 2384 ,
2123 2346 2180 2386 qui.

1374 2392 1508 2424 solvunt
1524 2393 1643 2424 fruci'tus
1658 2392 1792 2431 Capaa.
1809 2402 1839 2422 n.
1854 2405 1884 2432 4.

1332 2437 1493 2469 Nituntur
1514 2436 1627 2468 Codici
1661 2443 1846 2475 nuncupato
1869 2451 1878 2472 ς

1378 2491 1444 2522 quo
1457 2482 1672 2519 extrahuntur
1688 2479 1806 2511 ibidem
1823 2490 1854 2512 n.
1871 2491 1900 2520 ς.

1332 2524 1527 2566 Reguiandae
1540 2525 1614 2557 sunt
1625 2526 1664 2555 ad
1678 2526 1816 2555 formam
1829 2524 1933 2556 Edisti
1949 2525 2068 2564 Congr.
2081 2523 2178 2554 Μῡηε1

1375 2570 1457 2600 tium
1472 2570 1535 2600 diei
1551 2579 1604 2609 gt.
1618 2568 1771 2600 Octobris
1791 2575 1883 2608 1609.
1898 2570 2017 2600 ibidem
2031 2578 2061 2599 n.
2082 2576 2131 2598 ιι.

1331 2616 1411 2658 Qae
1427 2623 1513 2654 paena
1525 2612 1646 2646 indiera
1667 2614 1705 2644 sit
1720 2613 2039 2647 contrafacientibus
2055 2611 2175 2644 ibidem

1373 2669 1403 2689 n.
1436 2667 1485 2689 12.

1285 2700 1413 2733 Litterae
1426 2703 1585 2734 Parentes
1601 2702 1811 2743 registrantur
1826 2701 1857 2734 in
1870 2702 1956 2734 libro
1982 2698 2171 2731 denominata

1375 2753 1410 2776 to
1423 2745 1568 2787 Registro
1592 2745 1668 2787 Cap.
1684 2759 1733 2779 12.
1749 2757 1779 2778 n.
1796 2758 1846 2785 70.

1287 2790 1424 2822 Litteris
1439 2791 1624 2830 patentibus
1637 2791 1861 2823 deficientibus
1874 2789 2004 2821 additur
2019 2788 2050 2817 in
2065 2787 2170 2817 Trane

1375 2834 1517 2866 slatione
1540 2833 1703 2867 vinculum
1729 2847 1738 2870 z
1777 2836 1819 2866 ob
1844 2845 1907 2866 non
1932 2831 2170 2866 exhibitionem

1374 2879 1555 2910 litterarum
1569 2880 1748 2918 patentium
1765 2882 1841 2919 Cap.
1858 2891 1905 2916 14·
1920 2890 1950 2909 n.
1963 2892 2016 2916 49.
2126 2909 2133 2916 ‚

1329 2923 1428 2965 Qod
1449 2921 1549 2954 deleri
1565 2925 1677 2964 nequit
1691 2924 1746 2954 nifi
1761 2924 1973 2955 exhibeantur
1988 2921 2075 2952 dietae
2098 2917 2169 2947 Lit-

1375 2975 1448 2998 terae
1465 2968 1616 2999 Patentes
1631 2968 1752 2998 ibidem
1767 2978 1797 2999 n.
1814 2979 1864 3007 50·

1327 3010 1466 3044 Deletur
1493 3011 1612 3042 dierum
1630 3011 1802 3043 Vinculum
1828 3012 1989 3042 mediante
2019 3007 2167 3040 Mandata

1365 3055 1490 3091 ,Iudicis
1502 3078 1513 3094 ,
1526 3056 1656 3095 praestita
1672 3057 1789 3087 idonea
1803 3057 1950 3087 cautione
1965 3056 2004 3086 de
2018 3053 2168 3084 reducem„

1371 3100 1414 3131 do
1431 3101 1462 3131 in
1477 3100 1643 3140 pristinum
1658 3100 1740 3132 Loca
1755 3101 1915 3132 Montium
1932 3103 2006 3139 cap.
2029 3105 2126 3133 14·s¹·5
2138 3105 2166 3129 ¹„-

1286 3141 1423 3179 Litteris
1438 3146 1622 3185 patentibus
1639 3144 1817 3186 deperditis
1832 3145 1994 3185 suppletur
2019 3139 2069 3171 vel
2095 3150 2165 3173 cant

1368 3189 1468 3237 duppl
1480 3189 1565 3233 {catu
1581 3215 1592 3232 ,
1615 3190 1666 3236 yel
1690 3189 1852 3226 mediante
1865 3190 1952 3240 copia
1968 3186 2165 3263 extrcaglsissv

1905 2434 2080 2469 Broliardo
2096 2443 2104 2464 :
2130 2445 2179 2467 a-0
