2300 3547
269 207 581 263 CAPVT
622 206 1176 266 VIGESIMVM
1215 206 1696 283 QVINTVM.
1763 221 1855 270 145

197 301 223 318 2,
249 288 376 312 corum
391 303 400 311 .
414 303 424 312 .
438 301 448 312 .
469 289 514 313 ex
542 275 714 312 fructibus
737 280 987 326 multiplicatis

198 350 224 368 ,‚
249 327 292 361 ab
307 338 400 361 antio
414 352 423 361 .
438 352 448 361 .
464 353 473 361 .
488 326 593 373 usque
612 326 654 362 ad
669 339 803 363 annum
817 353 827 363 .
842 355 852 365 .
867 355 876 364 .
891 341 989 366 neni-

197 398 224 418 ,5
245 387 294 422 pe
310 375 493 412 Locorum
509 403 518 412 .
533 402 542 410 .
556 402 566 411 .
581 378 614 413 S.
631 376 729 413 Petri
755 378 935 414 Locorum

196 450 224 467 „
249 425 449 461 Restaurati
465 453 474 462 .
489 451 498 461 .
513 453 522 461 .
538 426 717 463 Locorum
735 429 877 464 Montis
901 430 987 463 novi

197 499 222 516 ‚‚
248 474 565 513 communitatum
593 478 784 513 conflantia
806 481 843 514 in
871 488 989 514 totum

195 548 222 566 2,
249 523 344 560 Loca
363 554 372 563 .
386 553 396 563 .
411 553 420 562 .
446 528 671 573 complentia
698 527 829 564 dicium
844 528 989 564 -Multi—

193 598 220 615 ,,
244 575 382 661 {litum
396 602 409 618 ,
437 575 570 613 Illr'r'ius
583 577 632 614 D.
658 579 705 614 ita
721 577 901 615 mandavit
919 579 984 614 hae

194 649 219 666 ,,
270 638 548 663 ie...anni...

297 679 338 712 N.
350 679 392 712 N.
406 678 512 714 Iudex
525 703 534 713 .

298 729 340 762 N.
357 729 397 762 N.
412 729 569 763 Notarius·
584 755 594 765 .

245 778 412 824 Sequitur
434 778 622 826 Exeqicatur
636 777 676 814 R.
693 778 728 814 P.
743 777 852 824 Πρω
866 785 988 822 tempo-

194 838 230 859 re
249 825 463 873 ‘Tbefimrarii
477 856 487 864 .
968 834 973 840 '

201 875 415 914 Notandum
442 878 535 924 quod
565 880 590 915 si
606 879 858 924 Multiplicum
873 889 960 913 vere
972 903 984 919 ,

197 926 232 960 &
250 927 395 962 realiter
412 939 581 973 appareat
595 930 817 974 completum
832 941 906 963 non
919 940 984 975 per

193 977 468 1023 praeficmptioncs
483 1002 495 1016 ,
520 979 561 1013 ὅ
586 980 784 1025 conjeHui-as
809 1004 821 1020 ‚
857 979 915 1014 sed
941 990 986 1013 ex

196 1024 348 1062 Calculo
362 1027 638 1065 demonstrativo
665 1029 847 1065 fructuum
865 1029 988 1064 multi-

194 1076 986 1126 plicatorum,eoriimqueconversioneintot

195 1125 291 1161 Loca
306 1128 492 1164 Montium
503 1154 514 1169 ,
542 1139 627 1176 quot
642 1130 789 1165 fuerunt
804 1130 846 1165 ad
861 1129 985 1164 multi-

194 1177 335 1222 plicum
349 1177 518 1215 destinata
532 1204 544 1220 ‚
571 1190 656 1215 tunc
683 1180 745 1214 etsi
773 1190 897 1226 agatur
912 1178 986 1214 da„

194 1228 580 1275 multiplicovordinato
604 1242 648 1264 ex
658 1228 918 1277 Chirographo
932 1230 986 1264 su-

193 1279 314 1320 premi
339 1277 541 1324 Principis,
566 1280 807 1315 nihilominus
834 1279 985 1326 quilibet

195 1325 312 1364 Iudex
339 1327 537 1366 ordinarius
563 1331 752 1365 vinculum
769 1331 985 1376 ⁴Multiplici

194 1374 315 1412 delere
341 1381 452 1424 potest
481 1390 517 1416 ut
543 1382 591 1415 ait
610 1379 758 1415 Confian.
787 1383 822 1414 in
849 1380 985 1426 dist-my}

123 1427 172 1472 84
190 1431 286 1462 amic.
301 1428 338 1461 de
354 1430 426 1466 Lac,
442 1431 533 1466 Mon.
545 1455 558 1470 ,
583 1443 648 1466 nec
663 1430 788 1467 sufficit
805 1430 898 1477 quod
911 1432 986 1466 fru-

123 1628 169 1670 85

195 1475 268 1533 <stus
285 1477 352 1514 fint
367 1479 554 1526 depositati
567 1507 580 1521 ,
605 1481 664 1516 sed
680 1482 876 1528 requiritur
900 1478 985 1516 effe·

194 1525 289 1563 c‘live
302 1553 315 1567 2
341 1530 434 1576 quod
450 1532 586 1567 fuerint
602 1532 762 1567 investiti
778 1543 846 1576 pro
862 1532 986 1567 multi-

195 1578 292 1622 plico
306 1605 318 1620 ‚
345 1591 382 1614 ut
401 1579 503 1617 docet
516 1586 635 1627 praxis
652 1581 820 1618 haclen‘us
847 1583 986 1617 sei-vata

197 1630 233 1663 iu
263 1629 458 1666 Secretaria
482 1634 669 1667 Montium
684 1649 694 1673 3
724 1632 746 1667 si
775 1644 863 1668 vero
892 1635 989 1679 quic-

195 1690 302 1723 quam
318 1682 492 1717 innovare
517 1686 704 1732 contingat
733 1685 838 1730 super
863 1682 984 1717 fructi-

199 1728 261 1764 bus
274 1730 652 1780 subjeclissx‘lultiplico
667 1733 708 1768 ad
724 1735 792 1770 huc
806 1745 879 1768 non
893 1745 987 1768 com-

194 1781 299 1833 pleto
313 1808 324 1822 ‚
351 1784 609 1819 recurrendum
625 1786 671 1819 est
696 1783 738 1819 ad
755 1786 958 1830 Principem
972 1809 987 1825 ‚

194 1830 335 1878 ejusque
351 1834 566 1869 Auditoreni
583 1859 594 1873 ‚
622 1836 677 1869 cui
694 1845 833 1871 tantum
859 1836 906 1869 est
931 1847 985 1869 re-

194 1880 331 1917 servata
347 1887 497 1928 potestas
520 1885 727 1920 consulendi
752 1886 984 1921 indemnitati

195 1930 253 1987 seu
269 1937 410 1980 egestati
424 1936 607 1971 Montistae
624 1947 666 1971 ex
684 1936 857 1971 frut‘libus
874 1937 906 1970 ὃ(
921 1935 985 1970 Lo-

194 1993 243 2016 cis
261 1984 448 2020 Montium
469 1987 717 2032 multiplicatis
746 1988 778 2022 &
811 1987 989 2029 multipli-

121 2028 172 2064 86
197 2032 346 2076 caudis,
372 2036 466 2071 secus
495 2036 585 2071 vero
614 2036 778 2082 procedit
806 2039 842 2071 in
860 2037 990 2071 Multi-

125 2380 173 2427 87

192 2083 290 2138 plico
315 2086 518 2129 prodeunte
546 2100 590 2122 ex
619 2086 845 2133 dispositione
863 2088 992 2122 Homi-

194 2144 275 2189 nis3
304 2137 383 2181 quia
415 2136 482 2171 hoc
509 2138 586 2173 casu
615 2137 728 2177 Judex
758 2139 864 2173 etiam
893 2136 991 2171 ordi-

196 2193 317 2238 narius
332 2189 444 2230 potest
459 2199 641 2233 apponere
658 2201 782 2224 manus
797 2188 901 2231 super
916 2187 987 2222 Lo-

197 2243 245 2267 c15
273 2235 459 2270 Montium
491 2262 502 2277 ‚
526 2249 723 2284 eorumque
751 2237 920 2274 fructibus
948 2237 990 2272 ad

196 2282 454 2333 Multiplicum
471 2286 669 2329 destinatis,
681 2290 714 2321 &
729 2299 988 2334 quamcumque

198 2344 326 2378 capere
353 2335 599 2380 provisionem
628 2339 750 2372 favore
777 2339 957 2373 Monzistae
977 2363 990 2379 ,

200 2383 395 2420 dummodo
411 2397 532 2421 tamen
550 2388 657 2423 iidem
674 2387 805 2423 fructus
825 2399 896 2422 non
912 2388 992 2422 fue-

199 2435 274 2469 rint
290 2435 447 2483 assignati
474 2450 542 2483 pro
570 2437 790 2473 extinffione
805 2437 991 2473 Censuum

198 2485 232 2518 δε
249 2485 485 2522 Cambiorum
500 2514 510 2529 ,
539 2490 671 2522 namin
689 2491 750 2524 isto
765 2487 854 2524 Casu
876 2490 992 2522 citan—

128 2533 173 2568 88
203 2533 267 2571 dus
283 2538 329 2571 est
345 2537 515 2573 Creditoi·
532 2538 708 2574 dierorum
724 2538 906 2574 Censuum
922 2562 933 2575 ·,
957 2539 991 2572 δέ

199 2583 437 2622 Cambiorum
453 2615 465 2630 ‚
491 2590 575 2623 alias
590 2602 633 2624 ex
650 2588 787 2623 defetstu
810 2587 992 2633 hujusmo-

197 2635 430 2673 diCirationis
446 2638 608 2674 mandata
624 2639 791 2680 Judicum
805 2638 848 2674 ab
863 2637 994 2674 Admi-

198 2687 388 2723 nistratore
407 2690 620 2734 rejiciuntur
637 2717 646 2725 .
662 2689 797 2726 Rursus
809 2689 857 2725 sat
870 2689 992 2732 super-

200 2748 268 2781 que
283 2750 355 2773 non
371 2740 416 2773 est
433 2765 444 2780 ‚
462 2740 556 2786 quod
573 2741 826 2785 Multiplicum
843 2739 884 2773 sit
899 2751 994 2772 com-

196 2787 339 2831 pletum
356 2801 437 2824 cum
455 2790 626 2825 fruclibus
642 2791 821 2826 destinatis
837 2787 878 2823 ad
896 2789 991 2823 niul-

198 2837 361 2881 tiplicum
375 2866 387 2879 ‚
400 2839 456 2874 sed
472 2839 633 2875 nondum
649 2840 777 2875 exactis
791 2864 802 2878 ,
816 2841 873 2874 vel
889 2841 991 2873 inve-

198 2888 504 2934 stitis,requirirur
520 2893 616 2925 enim
633 2891 726 2937 quod
741 2903 776 2925 re
788 2890 858 2936 ipsa
872 2890 992 2935 sequu-

202 2947 279 2971 tum
296 2937 336 2973 sit
356 2940 651 2976 Investimentum
669 2952 735 2985 pro
751 2940 966 2986 Multiplico
983 2962 990 2972 .

251 2987 459 3034 Aliquando
489 2990 684 3027 delendum
713 2992 759 3025 est
788 2990 991 3025 Vinculum

201 3035 471 3074 Reservationis
483 3041 661 3077 fructuum
678 3040 878 3076 exGredito
889 3041 995 3076 unius

204 3088 239 3121 &
266 3089 345 3124 fieri
372 3087 476 3124 debet
505 3091 696 3127 reservatio
723 3090 900 3126 difflorum
920 3091 995 3124 fru-

207 3137 328 3173 &uum
355 3140 479 3174 favore
495 3141 643 3178 alterius
662 3142 844 3178 Montistae
871 3142 996 3190 vigore

208 3186 374 3227 Mandati
389 3200 426 3225 ut
441 3190 534 3228 infra
549 3218 558 3229 .
628 3189 631 3190 ⁷

1065 283 1112 328 89

1063 1194 1112 1228 90

1061 1697 1106 1730 91

1061 1846 1110 1884 92

1062 1899 1109 1932 93

1065 2249 1116 2284 ‚94

1069 2397 1116 2432 95

1137 280 1196 315 De
1224 277 1400 314 Mandato
1426 304 1436 312 .
1452 303 1461 312 .
1475 304 1484 312 .
1512 278 1646 318 Judicis
1661 306 1670 314 .
1687 306 1695 314 .
1709 305 1719 313 .
1747 280 1779 313 &
1805 281 1847 313 ad
1872 276 1929 311 In-

1135 331 1302 368 stantiam
1318 356 1326 364 .
1343 355 1352 364 .
1367 330 1425 363 .in
1452 327 1551 372 cujus
1579 330 1668 363 facie
1696 337 1863 369 cantant,
1891 328 1927 361 &

1137 389 1265 424 egtant
1292 379 1387 414 infra
1413 378 1508 413 Loca
1522 378 1708 413 Montium
1735 377 1902 414 videlicet
1917 402 1929 412 .

1189 431 1283 466 Loca
1299 455 1309 465 .
1324 457 1333 465 .
1349 457 1357 464 .
1371 428 1405 462 S.
1422 428 1544 464 Petri.

1191 480 1285 514 Loca
1297 506 1307 515 .
1324 507 1333 514 .
1348 506 1357 513 .
1375 480 1513 514 Montis
1531 475 1806 514 Restauratisoe.

1140 529 1335 566 Mandatur
1362 528 1411 564 D.
1433 527 1727 564 Administratori
1753 525 1928 561 Generali

1140 581 1324 616 Locorum
1340 579 1525 614 Montium
1539 605 1552 620 ‚
1577 577 1620 613 ad
1635 589 1743 623 quem
1771 574 1902 621 speClat
1915 602 1929 616 ,

1141 642 1178 665 ut
1192 630 1361 665 Vinculum
1378 628 1795 673 refirvatiOitisfrtcHuum‘
1805 626 1930 660 favore

1137 679 1327 726 supradicti
1355 678 1404 714 N.
1420 677 1468 714 N.
1494 679 1644 713 Tutoris
1669 678 1704 711 8<
1729 675 1928 711 curatoris

1138 728 1332 776 supradicli
1348 728 1395 763 D.
1411 728 1574 763 Instantis
1591 738 1628 762 ut
1641 727 1746 770 supra
1772 728 1810 760 in
1827 725 1929 760 distis

1137 780 1243 816 Locis
1260 780 1448 822 Montium
1463 776 1612 825 appofit.
1629 776 1730 812 casser
1745 801 1757 817 ‚
1782 775 1899 811 deleat
1914 800 1928 816 ‚

1138 832 1173 865 &
1187 830 1324 865 aboleat
1339 832 1386 864 ita
1402 840 1439 864 ut
1453 828 1575 864 eadem
1593 827 1687 862 Loca
1701 827 1888 861 Montium
1906 824 1927 860 'a

1137 879 1339 926 supradksto
1370 879 1532 915 vinculo
1567 877 1682 912 libera
1718 877 1863 921 prorsus
1891 875 1928 909 &

1137 940 1306 976 exempta
1321 939 1524 966 remaneant
1542 953 1553 968 ‚
1565 929 1599 962 8<
1614 928 1851 975 quascumque
1867 937 1926 960 an-

1139 983 1341 1015 notationes
1357 981 1394 1014 in
1410 979 1559 1015 libris&
1581 978 1667 1013 listis
1695 988 1732 1012 ac
1763 976 1822 1010 ubi
1837 986 1929 1022 opus

1139 1031 1249 1066 fuerit
1265 1029 1460 1071 describat,
1489 1030 1523 1063 8<
1537 1029 1699 1063 annotari
1714 1027 1816 1061 faciat
1830 1052 1840 1060 .

1188 1080 1353 1130 aniam
1381 1078 1549 1115 stantibus
1575 1078 1688 1111 literis
1717 1074 1926 1111 Parentibus

1139 1133 1178 1166 in
1192 1131 1272 1165 actis
1296 1129 1515 1174 infrascripti
1530 1127 1674 1162 Notarii
1696 1125 1927 1172 originaliter

1141 1181 1339 1220 exhibitis,
1364 1179 1604 1214 Attestatione
1623 1175 1773 1211 Parochi
1798 1177 1835 1210 iii
1859 1188 1927 1221 pu-

1137 1231 1267 1267 blicam
1282 1232 1436 1264 formam
1452 1228 1632 1274 recognita
1647 1252 1660 1267 ,
1685 1238 1729 1261 ex
1744 1238 1811 1272 qua
1842 1237 1928 1260 con-

1138 1284 1201 1317 stat
1225 1280 1392 1315 eumdem
1419 1279 1679 1313 D.1nstamem
1704 1274 1926 1322 vigesimum

1138 1342 1274 1366 annum
1288 1329 1359 1375 jam
1374 1326 1627 1374 complevisse,
1641 1325 1824 1361 consensu
1839 1337 1930 1370 prae-

1140 1383 1222 1417 stito
1247 1392 1311 1426 per
1327 1380 1377 1414 N.
1394 1379 1444 1413 N.
1460 1378 1604 1415 Tut0r3
1630 1377 1664 1410 &
1677 1375 1804 1411 Curat.
1827 1376 1928 1411 cassa-

1140 1429 1511 1467 tioniReservationis
1537 1425 1719 1462 fruetuum
1744 1425 1931 1472 praedicto-

1137 1495 1220 1518 rum
1237 1479 1368 1516 Illffius
1384 1479 1431 1517 D.
1447 1481 1496 1515 ita
1509 1476 1692 1515 mandavit
1716 1477 1781 1512 hac
1795 1475 1852 1512 die
1866 1503 1875 1512 .
1891 1502 1900 1512 .
1915 1503 1926 1512 .

1141 1535 1223 1568 anni
1240 1558 1248 1566 .
1264 1558 1273 1566 .
1289 1560 1297 1568 .

1191 1584 1233 1616 N.
1251 1584 1290 1616 N.
1311 1582 1419 1622 chdex
1433 1607 1444 1616 .

1196 1634 1239 1668 N.
1255 1633 1294 1667 N.
1309 1633 1467 1667 Notarius
1480 1656 1491 1664 .

1141 1682 1269 1718 Romae
1311 1695 1355 1718 ex
1383 1682 1511 1716 statuto
1539 1677 1752 1723 particulari
1783 1678 1860 1724 quis
1889 1677 1930 1710 fit

1138 1734 1249 1780 major
1264 1735 1340 1779 post
1351 1731 1571 1777 completam
1587 1738 1730 1763 aetatem
1748 1737 1930 1761 annorum

1136 1787 1264 1831 viginti
1282 1809 1291 1818 .
1319 1782 1362 1817 ln
1378 1780 1568 1818 Provincia
1584 1789 1671 1813 vero
1685 1777 1862 1812 Marchiae
1879 1787 1931 1810 re-

1139 1836 1293 1882 quiritur
1324 1844 1407 1867 aetas
1436 1840 1613 1866 annorum
1636 1835 1695 1869 25.
1711 1828 1814 1863 Alibi
1840 1838 1931 1862 vero

1142 1884 1255 1930 major
1271 1884 1332 1919 vel
1346 1885 1466 1917 minor
1481 1890 1564 1915 aetas
1578 1890 1757 1914 annorum
1774 1885 1832 1917 25.
1856 1888 1934 1912 non.

1138 1946 1259 1970 autem
1286 1945 1344 1968 20.
1373 1957 1384 1971 ,
1419 1942 1454 1966 ut
1473 1943 1519 1964 me
1537 1930 1644 1963 docuit
1662 1930 1872 1973 experientia
1893 1930 1931 1959 m

1141 1987 1301 2020 exercitio
1325 1983 1492 2017 decennali
1507 1979 1648 2024 impenso
1659 1979 1767 2023 super
1784 1978 1937 2010 materiis·

1142 2036 1403 2070 Secretariarum
1416 2034 1575 2066 Montium
1603 2029 1761 2074 exceptis
1785 2029 1936 2062 Floren-

1143 2088 1191 2120 tia
1205 2111 1217 2127 ‚
1245 2086 1278 2118 &
1302 2083 1484 2130 Neapoli,
1511 2079 1569 2114 ubi
1585 2080 1622 2112 in
1637 2089 1737 2113 aetate
1754 2088 1937 2112 annorum

1148 2137 1204 2170 18.
1220 2131 1380 2182 Quilibet
1399 2131 1533 2168 dicitur
1549 2129 1660 2172 major
1675 2145 1686 2168 ς
1714 2127 1842 2173 Feigfon.
1868 2139 1888 2160 a
1901 2127 1935 2160 d.

1133 2185 1248 2232 statut.
1264 2183 1334 2219 urb.
1347 2182 1427 2228 Cap.
1445 2193 1505 2227 47.
1520 2193 1550 2214 n.
1565 2191 1599 2222 5.
1614 2178 1765 2213 Gratian-
1788 2177 1932 2222 dist-ept-

1147 2247 1232 2282 233.
1247 2247 1277 2268 n.
1294 2245 1353 2270 22.
1370 2260 1381 2275 ‚
1405 2235 1440 2267 &
1454 2233 1548 2266 circa
1564 2228 1735 2273 majorem
1750 2252 1764 2268 ,
1790 2228 1847 2263 seu
1867 2227 1935 2260 mi-

1140 2298 1266 2321 norem
1283 2296 1425 2319 aetatem
1439 2281 1620 2318 servandae
1634 2280 1718 2314 sunt
1734 2279 1832 2324 leges
1848 2276 1934 2310 Mu-

1144 2336 1337 2382 nicipales.

1144 2385 1367 2433 Qandoque
1383 2385 1492 2419 etiam
1510 2382 1549 2417 fit
1564 2380 1698 2416 deletio
1713 2376 1865 2412 Vinculi
1882 2387 1931 2410 re-

1143 2437 1350 2472 servationis
1377 2432 1559 2469 fructuum
1585 2432 1714 2477 vigore
1735 2424 1907 2462 Ceffionis
1922 2450 1936 2465 ‚

1144 2488 1273 2533 vigore
1288 2482 1510 2520 Succeffionis
1527 2483 1559 2516 δέ
1577 2479 1749 2515 similium
1765 2503 1775 2517 ,
1802 2478 1833 2511 8<
1857 2488 1938 2509 mii-

1145 2540 1224 2572 tatis
1237 2534 1416 2571 mutandis
1430 2534 1605 2569 Notarius
1621 2531 1763 2565 servare
1777 2525 1880 2561 debet
1898 2526 1938 2560 in

1144 2585 1316 2622 mandatis
1333 2585 1527 2620 formulam
1541 2581 1692 2626 desuper
1707 2577 1938 2612 insinuatam.

1071 2638 1120 2683 96
1148 2639 1203 2672 Fit
1220 2638 1294 2682 pari
1312 2634 1418 2670 modo
1432 2634 1645 2668 Mandatum
1672 2628 1714 2663 de
1741 2627 1937 2672 subrogan-

1144 2687 1188 2722 do
1204 2686 1410 2722 Vinculum
1439 2677 1697 2718 fideicommissi
1712 2676 1936 2713 Substitutio-

1143 2739 1211 2775 nis,
1229 2737 1262 2771 8<
1273 2737 1377 2782 super
1394 2744 1504 2774 certa,
1519 2734 1551 2766 δέ
1565 2729 1804 2766 determinata
1819 2726 1934 2770 specie

1144 2787 1327 2822 Locorum
1344 2785 1529 2820 Montium
1548 2806 1560 2822 ‚
1584 2780 1625 2814 ad
1653 2776 1817 2813 effectum
1844 2775 1933 2809 libe-

1144 2836 1246 2872 randi
1260 2835 1279 2870 'a
1295 2836 1357 2870 tali
1373 2833 1533 2868 Vinculo
1551 2832 1613 2865 illa
1629 2829 1722 2864 Loca
1733 2827 1936 2863 Montium,

1144 2898 1222 2933 quae
1236 2886 1316 2920 sunt
1332 2883 1447 2919 eidem
1456 2881 1602 2919 vinculo
1616 2877 1816 2923 subjecta&
1828 2874 1938 2910 trans-

1145 2934 1286 2972 ferendi
1313 2933 1446 2970 dietum
1484 2931 1670 2968 vinculum
1699 2930 1804 2973 super
1832 2926 1936 2960 Locis

1149 2986 1339 3021 Montium
1359 2984 1483 3019 liberis
1497 3008 1510 3026 ‚
1535 2995 1572 3017 ac
1589 2978 1766 3016 vendendi
1779 2977 1831 3011 uti
1846 2975 1936 3009 libe-

1144 3049 1183 3072 ra
1200 3038 1293 3075 Loca
1310 3036 1497 3071 Montium
1511 3058 1523 3073 ,
1549 3041 1626 3077 quae
1641 3038 1742 3064 erant
1755 3027 1938 3063 vinculata

1076 3101 1126 3138 97
1153 3086 1243 3122 faClo
1258 3096 1376 3121 autem
1392 3086 1489 3131 prius
1511 3082 1531 3116 *a
1544 3080 1680 3115 duobus
1696 3077 1937 3113 Ratiocinato-

1148 3137 1245 3172 ribus
1257 3133 1561 3182 velArgentariis
1571 3129 1708 3165 calculo
1722 3127 1935 3163 demonstra-

1148 3189 1226 3223 tivo
1239 3186 1447 3233 quantitatis
1462 3182 1646 3268 LocoIrum
1660 3179 1847 3217 Montium
1861 3173 1936 3209 sub·

1826 3236 1885 3260 ro-
