2300 3547
580 192 884 248 CAPVT
931 189 1509 249 VIGESIMVM.

221 292 246 308 ,,
272 264 485 300 evidentem
516 259 679 298 Ecclesiae
708 264 907 298 utilitatem
938 265 1016 297 fore

224 343 248 357 2,
272 314 440 350 cessuram
469 311 688 349 declaramus
712 337 724 353 ,
750 314 799 347 ita
829 323 949 347 tamen
979 323 1017 347 ut

223 391 248 407 a>
274 364 427 410 pecunia
454 363 490 396 in
529 365 666 399 causam
692 363 900 409 expraeffam
929 365 1021 396 inte-

222 440 248 457 „
273 425 338 461 gre
354 437 366 452 ‚
391 423 427 447 et
461 410 619 449 fideliter
646 424 818 459 erogetur
840 411 902 447 sub
918 413 1018 457 penis

222 490 247 506 „
273 473 311 498 ut
338 462 443 509 supra
472 465 664 508 praefinitis
691 474 816 498 contra
846 461 1018 497 Ecclesia-

226 538 252 555 „
279 524 359 547 rum
372 512 467 546 Bona
478 514 675 549 alienantes
685 538 697 554 ,
710 513 767 548 seu
778 525 828 548 ec.
840 512 904 547 hac
915 511 1020 548 die...

247 564 288 598 N.
306 564 346 596 N.
362 560 512 597 Viciu-ius
531 562 701 599 Generalis
718 589 727 597 .

321 613 362 647 N.
377 613 416 646 N.
431 611 656 648 Cancellarius
669 613 878 658 Epfiopali5
892 637 901 646 .

161 665 204 700 16
230 662 400 708 Sequiqir
413 660 633 711 Recognitio
647 662 872 697 CaraCtheris
887 660 920 696 d.
932 660 1021 695 Can·

226 713 364 749 cellarii
392 711 478 747 fasta
504 716 541 748 in
557 712 656 748 Urbe
683 724 748 759 per
773 712 859 747 duos
873 711 1019 745 Testes.

221 763 353 808 nisque
376 763 531 808 expletis
553 763 782 798 constituitur
808 760 1022 796 Procurator

228 812 411 848 mediante
426 813 599 849 Mandato
623 812 788 847 Procurae
813 812 948 846 tenoris
969 811 1019 845 se·

221 873 383 909 quentis.

150 926 194 961 17
220 938 245 954 ‚‚
273 913 358 947 Aua
388 912 559 957 presenza
589 912 625 948 di
640 912 705 946 Me
721 911 891 952 Nmaro,
919 909 1018 945 eTe-

217 989 242 1003 ,‚
268 961 410 1005 stimonj
425 974 475 996 ec.
489 963 782 1009 personalmente
797 961 951 995 efistenti
965 986 975 1000 ,
992 972 1013 995 e

222 1038 248 1052 „
273 1012 574 1057 capitolarmente
602 1012 620 1046 ‘a
642 1013 751 1047 suono
778 1011 814 1046 di
829 1011 1013 1055 Campana

218 1086 244 1104 ,‚
269 1063 481 1108 congregati
496 1064 592 1098 nella
607 1063 710 1097 solita
737 1063 851 1096 stanza
865 1060 1014 1106 Capito-

217 1137 245 1154 „
270 1113 345 1146 lare
360 1110 624 1148 l'lllustriffimo
638 1113 769 1161 Signor
784 1111 979 1156 Arciprete
995 1122 1014 1144 e

217 1187 245 1204 ³,
271 1160 425 1208 Dignith
449 1174 468 1196 e
495 1163 521 1196 li
548 1163 664 1196 molto
694 1159 941 1195 Reverendiss'.
967 1159 1016 1194 Si-

219 1237 245 1254 „
271 1213 377 1258 gnoti
407 1211 582 1247 Canonici
597 1213 615 1258 (
630 1213 868 1246 nominantur
895 1208 1013 1255 fingu-

217 1287 244 1303 ‚‚
270 1263 296 1295 li
312 1261 563 1308 Canoniciqui
592 1261 669 1297 actu
695 1260 1013 1305 intervenerunt)

215 1336 242 1353 „
266 1310 360 1346 della
376 1311 506 1347 Chiesa
521 1311 726 1360 Collegiata
743 1323 793 1346 ec.
808 1311 831 1346 ὸ
845 1309 1013 1345 Catedra-

215 1386 243 1403 ,‚
267 1362 302 1396 le
317 1373 368 1396 ec.
382 1361 408 1394 li
423 1362 518 1409 quali
533 1361 715 1398 asserendo
732 1360 839 1396 effere
865 1360 898 1394 la
917 1371 1012 1405 mag-

214 1435 239 1453 „
264 1412 345 1458 gior
359 1422 462 1457 parte
477 1412 536 1447 del
552 1413 725 1459 Capitolo
740 1423 790 1447 ec.
816 1412 926 1446 fanno
952 1420 1010 1443 co-

211 1486 239 1503 „
264 1462 496 1503 stituiscon0‚
521 1475 540 1497 e
567 1462 750 1509 deputano
778 1462 901 1500 Loro,
925 1471 946 1493 e
972 1458 1009 1493 di

213 1537 241 1554 ,,
266 1509 368 1546 detto
381 1511 552 1557 Capitolo
568 1511 802 1548 procuratore
817 1510 843 1544 il
857 1509 1010 1556 Signore

213 1586 241 1604 ,‚
268 1586 372 1596 .....
386 1562 517 1597 affente
531 1573 634 1598 come
648 1563 814 1609 presente
837 1558 856 1594 *a
879 1569 1008 1605 potere

210 1636 236 1654 ³,
261 1623 328 1657 per
343 1609 400 1647 essi
416 1613 454 1647 in
468 1613 548 1646 loro
563 1625 671 1648 nome
686 1637 698 1654 ,
723 1624 742 1646 e
765 1609 802 1645 di
821 1609 925 1645 detto
941 1610 1008 1642 La-

211 1686 237 1703 „
263 1662 380 1707 pitolo
396 1662 555 1698 vendere
569 1689 580 1704 ,
606 1662 650 1698 ed
664 1663 844 1710 invigore
858 1659 918 1694 del
936 1656 1008 1693 Re-

212 1737 238 1754 „
263 1712 389 1746 icritto
403 1712 498 1748 della
511 1712 620 1761 Sagra
632 1712 936 1760 Congregazione
951 1707 1008 1744 de'

211 1787 237 1803 „
264 1760 418 1798 Vescovi
428 1761 601 1811 Regolari
611 1773 777 1800 emanato
785 1761 878 1796 sotto
889 1760 914 1794 il
925 1757 1007 1794 dh...

208 1835 232 1854 s,
261 1811 360 1852 Mese
376 1837 384 1846 .
398 1837 408 1846 .
422 1838 431 1845 .
446 1840 454 1848 .
469 1826 564 1848 anno
578 1840 586 1847 .
600 1824 611 1846 .·
623 1840 631 1848 .
647 1839 656 1848 .
683 1825 702 1849 e
733 1811 791 1847 del
809 1810 956 1846 decreto
971 1810 1007 1845 di

208 1887 233 1903 „
259 1861 476 1909 Monsignor
494 1863 657 1898 Vescovo
671 1888 680 1896 .
693 1888 702 1896 .
716 1889 724 1897 .
741 1871 907 1897 emanato
921 1859 947 1893 11

205 1937 232 1953 ,,
258 1911 456 1957 rasiegnare
469 1938 482 1954 ‚
507 1924 529 1946 o
546 1912 591 1949 sia
605 1914 761 1948 alienare
784 1912 802 1946 ὲ
818 1913 941 1946 favore
967 1909 1004 1944 di

205 1987 230 2003 ‚‚
255 1961 460 2009 qualunque
480 1962 658 2008 Persona,
682 1962 750 1997 che
775 1961 881 1997 vorr'a
908 1971 1003 1994 com-

207 2037 232 2055 „
259 2023 367 2056 prare
380 2037 393 2053 ,
415 2023 433 2046 e
448 2025 513 2058 per
528 2014 611 2060 quel
628 2024 765 2059 prezzo
780 2038 792 2053 ‚
817 2011 883 2047 che
899 2008 1004 2044 verrit

205 2086 234 2104 ³,
257 2061 474 2097 concordato
490 2062 635 2111 Luoghi
650 2089 658 2097 .
673 2089 682 2096 .
697 2089 705 2096 .
719 2089 727 2096 .
754 2061 913 2097 cantanti
941 2061 1004 2095 in„

206 2136 232 2152 „
258 2109 415 2147 Credito
442 2112 477 2147 di
491 2113 590 2148 detta
606 2113 809 2160 Collegiata
823 2123 873 2146 ec.
900 2121 1004 2145 come

202 2187 228 2203 ‚,
254 2172 321 2206 per
339 2161 487 2197 Patente
502 2163 638 2208 spedita
654 2163 748 2197 sotto
763 2163 788 2196 il
806 2160 844 2196 di
858 2185 958 2195 .....
983 2171 1002 2194 e

204 2236 232 2254 „
259 2212 448 2258 registrata
462 2214 495 2247 al
511 2213 591 2248 Lib.
605 2239 614 2248 .
628 2239 636 2248 .
651 2240 660 2248 .
688 2213 820 2246 Monte
896 2210 1003 2255 fog....

206 2287 233 2304 „
260 2260 303 2296 ed
320 2261 468 2297 insieme
483 2262 617 2310 efigere
646 2274 753 2297 avere
768 2287 780 2303 ,
805 2273 823 2296 e
841 2262 1003 2295 ricevere

201 2337 228 2353 „
254 2309 311 2344 dal
327 2310 572 2357 Compratore
587 2325 639 2348 ec.
653 2311 766 2346 anche
781 2323 845 2357 per
873 2321 1002 2345 mezzo

200 2386 227 2403 „
253 2359 453 2396 de'Publici
468 2362 602 2397 Banchi
620 2374 671 2396 ec.
700 2362 726 2395 il
744 2360 880 2395 Prezzo
897 2386 908 2400 ,
934 2360 1002 2394 che

197 2436 225 2454 ³,
251 2408 357 2444 verri
373 2423 475 2447 come
490 2413 591 2458 sopra
616 2410 834 2446 concordato
862 2410 1003 2450 libero,

198 2478 224 2503 ς,
249 2460 292 2495 ad
307 2458 433 2496 efferto
457 2463 561 2497 senza
580 2461 677 2497 Cura
696 2459 841 2497 Rischio
855 2485 868 2501 ,
894 2472 913 2494 e
940 2472 1003 2506 pe-

196 2515 226 2554 ',‚
253 2511 366 2546 ricolo
379 2510 545 2547 d’alcuno
559 2513 596 2547 in
615 2510 730 2545 Roma
748 2537 760 2552 ,
787 2522 843 2544 ma
865 2510 938 2544 solo
965 2509 1000 2543 di

198 2587 226 2604 ,,
250 2560 343 2595 detti
374 2562 598 2598 Costituenti
626 2561 874 2597 trat‘metterlo
904 2560 1001 2594 nella

198 2637 223 2654 ,,
248 2611 350 2646 Citt‘a
367 2637 374 2645 .
389 2638 397 2646 .
411 2638 420 2647 .
435 2639 444 2647 .
471 2625 536 2659 per
555 2613 722 2659 erogarlo
748 2624 797 2645 ec.
812 2610 998 2655 Exprimi-

198 2687 224 2703 „
250 2671 309 2696 tur
323 2663 434 2697 Causa
446 2688 458 2704 ,
472 2665 508 2697 in
523 2675 628 2709 quam
642 2661 769 2697 cedere
783 2660 909 2695 debeat
925 2671 1001 2704 pre-

199 2736 224 2753 „
249 2713 345 2747 cium
360 2724 410 2746 ec.
424 2711 442 2746 'a
459 2723 586 2748 tenore
599 2712 694 2748 della
710 2710 873 2748 suddetta
888 2711 997 2743 licen·

197 2777 224 2804 ³3
253 2774 292 2796 za
307 2787 319 2802 ,
345 2775 364 2798 e
379 2763 527 2798 decreto
542 2775 593 2798 ec.
611 2763 674 2796 alli
689 2762 784 2808 quali
801 2773 852 2795 ec.
866 2772 885 2794 e
899 2759 999 2805 quel-

199 2836 225 2853 „
250 2812 286 2845 lo
300 2812 412 2847 elatto
426 2823 536 2848 avuto
547 2839 558 2854 ‚
573 2825 592 2847 e
608 2815 774 2847 ricevuto
790 2812 890 2845 farne
905 2811 1001 2855 quie-

199 2886 225 2902 „
251 2864 405 2898 tan-zain
422 2865 537 2898 forma
565 2875 616 2898 ec.
638 2872 867 2909 promettere
895 2861 927 2893 la
955 2859 1000 2892 li-

196 2936 221 2952 „
249 2910 350 2945 bert‘a
364 2938 376 2953 ,
398 2913 575 2948 Evizione
592 2926 641 2948 ee.
656 2924 722 2947 con
740 2912 772 2946 le
787 2911 892 2945 solite
907 2908 1001 2944 clau·

196 2986 222 3003 ὓ,
248 2961 322 2995 sule
347 2974 398 2996 ec.
426 2962 686 3009 promettendo
714 2975 763 2997 ec.
792 2957 997 2995 rilevando-

196 3036 222 3053 ,‚
249 3012 284 3044 10
299 3024 350 3045 ec.
366 3024 437 3047 non
454 3015 526 3048 solo
544 3016 580 3048 in
598 3014 718 3059 questo
746 3024 796 3046 ec.
823 3024 879 3046 ma
908 3022 957 3045 ec.
972 3034 997 3050 „

195 3061 401 3108 ditstumque
409 3062 622 3098 Mandatum
636 3075 703 3098 una
714 3074 797 3097 cum
811 3062 927 3097 literis
939 3059 999 3093 Pa-

197 3112 357 3147 tentibus
383 3138 396 3153 ‚
436 3114 582 3158 aliisque
613 3113 826 3158 praenotatis
855 3110 998 3151 Juribus

196 3163 402 3210 porrigitur
415 3162 590 3200 Generali
607 3162 792 3199 Locorum
807 3162 996 3199 Montium

685 3287 709 3319 ᾖ,

1124 361 1164 395 18

1124 620 1166 653 ¹9

1116 771 1164 796 20

1109 1173 1151 1198 21

1104 1722 1151 1748 22

1101 2074 1145 2110 23

1099 2375 1146 2410 24

1195 259 1493 295 Administratori
1507 263 1565 306 qui
1576 260 1690 296 actum
1706 210 1985 307 Resignatigonis,

1193 321 1253 344 aut
1270 310 1512 345 Alienationis
1530 310 1691 344 admittit
1705 336 1714 344 .

1194 359 1412 406 Dielumque
1430 359 1704 406 Beneplacitum
1732 362 1929 405 requiritur
1947 372 1983 394 e-

1192 411 1279 445 tiam
1293 412 1329 445 in
1345 409 1435 445 Casu
1446 435 1458 451 ,
1471 422 1539 456 quo
1554 407 1708 444 Ecclesia
1723 408 1912 454 dllponere
1927 422 1984 444 ve-

1193 461 1236 494 lit
1263 459 1307 495 de
1333 462 1485 506 pecunia
1512 458 1663 495 retraCta
1687 470 1730 493 ex
1757 458 1859 493 Locis
1875 461 1983 495 Mon-

1193 512 1286 545 tium
1306 512 1475 545 extractis
1489 508 1728 555 spectantibus
1752 507 1794 542 ad
1819 509 1982 545 eamdem

1191 560 1382 595 Ecclesiam
1397 586 1409 602 ,
1435 561 1545 606 qualis
1565 571 1628 604 pec
1636 561 1714 593 unia
1740 559 1898 592 investiri
1924 560 1983 594 de-

1194 610 1252 646 bet
1267 622 1349 646 cum
1363 610 1649 645 solemnitatibus
1678 619 1790 654 quum
1810 607 1981 643 habeatur

1191 672 1260 707 pro
1274 660 1432 706 Capitali
1447 686 1458 701 ‚
1483 671 1518 698 et
1537 661 1763 705 proprietate
1779 657 1876 702 Spad.
1902 660 1982 703 cozgsl

1195 724 1208 745 1
1220 721 1278 757 23.
1294 724 1325 745 n.
1339 722 1373 754 9.
1391 710 1510 757 &fiq.
1526 709 1585 744 lib.
1605 722 1636 745 2.
1653 706 1747 756 quod
1779 718 1900 743 tamen
1927 710 1982 742 in-

1191 762 1320 808 tellige
1332 762 1549 808 procedere,
1565 759 1588 794 st
1604 757 1757 794 Ecclesia
1775 758 1866 792 velit
1884 756 1982 793 inve-

1190 812 1272 846 stire
1288 814 1324 846 in
1338 812 1416 846 aliis
1432 811 1536 845 Bonis
1553 809 1730 844 stabilibus
1743 832 1756 847 ‚
1772 817 1807 842 et
1823 819 1895 842 non
1911 809 1981 843 Lo-

1188 864 1235 896 cis
1250 862 1435 896 Montinm
1450 872 1532 896 nam
1549 859 1569 894 fi
1586 858 1705 896 denuo
1721 859 1826 892 fieret
1840 859 1980 892 investi-

1189 922 1357 946 mentum
1379 913 1414 945 in
1430 912 1530 946 Locis
1547 911 1734 945 Montium
1761 919 1834 942 non
1861 909 1977 955 requi-

1189 972 1319 996 runtur
1334 961 1461 1007 aliquae
1474 961 1718 996 solemnitates
1739 956 1783 993 Ob
1798 959 1981 992 omnimo-

1185 1010 1267 1045 dam
1295 1011 1524 1046 securitatem
1554 1009 1804 1044 investimenti
1818 1008 1855 1041 in
1875 1007 1979 1042 Locis

1185 1062 1375 1096 Montium
1391 1072 1454 1105 per
1484 1059 1592 1094 fidem
1608 1059 1810 1105 Principis,
1835 1069 1873 1091 ac
1903 1056 1977 1101 ejus

1185 1110 1350 1146 Gamerae
1362 1110 1558 1145 assecuratis
1571 1133 1579 1140 .

1182 1161 1218 1195 Si
1246 1171 1366 1194 tamen
1381 1160 1565 1195 Alienatio
1590 1159 1767 1194 Locorum
1786 1156 1975 1192 Montium

1183 1212 1286 1245 fieret
1302 1223 1345 1245 ex
1361 1210 1472 1245 Causa
1487 1208 1672 1244 necessaria
1687 1205 1851 1242 solvendi
1866 1206 1977 1240 Debi.

1182 1271 1260 1296 tum
1276 1261 1469 1306 peripsam
1488 1259 1680 1294 Ecclefiam
1709 1259 1769 1293 vel
1795 1256 1868 1301 ejus
1882 1256 1978 1293 Aut..

1181 1311 1310 1345 horem
1325 1312 1492 1357 legitime
1506 1319 1732 1344 contractum
1748 1334 1760 1349 ‚
1785 1318 1820 1342 et
1838 1317 1906 1352 pro
1920 1319 1978 1341 cu-

1181 1360 1235 1406 jus
1259 1361 1434 1395 solutione
1458 1359 1572 1395 fuisset
1601 1360 1802 1394 relaxatum
1832 1355 1975 1391 manda-

1182 1421 1260 1446 tum
1276 1435 1287 1451 ,
1313 1421 1348 1445 et
1373 1411 1462 1445 facta
1489 1411 1711 1456 exequutio,
1736 1419 1822 1443 tunc
1849 1416 1977 1446 certe,

1179 1471 1213 1496 et
1230 1462 1299 1494 rite
1317 1462 1409 1497 Loca
1424 1459 1611 1495 Montium
1634 1459 1774 1506 possunt
1801 1456 1976 1491 subhasta-

1181 1512 1212 1545 ri
1243 1510 1314 1545 stne
1337 1509 1624 1547 solemnitatibus
1643 1507 1819 1554 requisitis
1834 1508 1870 1541 in
1884 1506 1977 1540 alie-

1177 1562 1323 1596 natione
1338 1561 1520 1597 Bonorum
1536 1559 1712 1594 stabilium
1729 1556 1890 1592 Ecclefiae
1902 1556 1975 1589 Rot.

1176 1610 1275 1656 deciſs
1290 1623 1397 1658 49.1n.
1417 1623 1471 1658 17.
1486 1623 1548 1644 cor.
1566 1610 1680 1643 Bur-at.
1706 1607 1747 1642 δέ
1770 1606 1870 1651 dects
1891 1608 1972 1649 184.

1176 1674 1209 1696 n.
1227 1665 1282 1707 17'.
1292 1670 1330 1706 p.
1344 1674 1379 1706 9.
1394 1673 1497 1696 recen.
1510 1686 1522 1701 ,
1547 1658 1642 1706 quod
1657 1658 1680 1692 st
1695 1669 1821 1705 agatur
1850 1655 1894 1690 de
1908 1654 1974 1690 ali·-

1179 1724 1245 1759 qua
1262 1711 1476 1746 haereditate
1492 1710 1617 1746 relicta
1634 1710 1671 1742 in
1687 1707 1789 1743 Urbe
1807 1705 1974 1740 Ecclesiae

1176 1773 1235 1797 aut
1255 1761 1465 1808 Religioni,
1481 1772 1557 1808 quae
1575 1758 1615 1794 stt
1632 1760 1781 1804 incapax
1799 1754 1975 1802 possiden-

1175 1812 1235 1853 di,
1251 1812 1384 1847 nedum
1401 1812 1599 1859 requiritur
1616 1808 1780 1843 Licentia
1795 1806 1974 1841 Sac.Con-

1175 1864 1396 1910 gregationis
1426 1861 1687 1907 Episcoporum
1711 1884 1723 1900 ,
1748 1868 1782 1892 et
1814 1855 1974 1903 Regula-

1178 1916 1420 1953 rium,verum
1439 1914 1547 1946 etiam
1567 1911 1767 1944 Decretum
1783 1905 1868 1941 Effii
1885 1906 1976 1940 Car-

1173 1963 1302 1998 dinalis
1320 1962 1471 2002 Vicarii,
1485 1972 1520 1996 et
1540 1960 1724 1996 Resolutio
1741 1955 1890 1991 Ordinis
1905 1967 1974 2001 pro

1177 2013 1336 2049 aditione
1353 2011 1573 2047 haereditatis
1589 2037 1601 2052 ‚
1627 2019 1781 2056 quorum
1806 2007 1974 2040 omnium

1175 2066 1303 2110 vigore
1319 2062 1514 2108 expeditur
1538 2060 1752 2097 Mandatum
1774 2068 1895 2091 coram
1912 2055 1974 2094 Ju-

1174 2113 1253 2148 dice
1271 2112 1455 2147 ordinario
1470 2136 1482 2152 ‚
1508 2122 1578 2158 quo
1609 2107 1792 2145 mediante
1822 2105 1973 2140 transfe-

1177 2174 1307 2199 runtur
1320 2164 1413 2198 Loca
1425 2163 1614 2196 Montium
1627 2160 1668 2194 ab
1680 2157 1891 2193 Auctorein
1905 2153 1974 2189 Re-

1176 2214 1357 2260 ligionem
1376 2211 1558 2247 haeredem
1573 2222 1655 2246 cum
1670 2207 1839 2243 Vinculis
1853 2205 1974 2240 Testa-

1175 2265 1291 2298 menti
1307 2279 1317 2303 ς
1347 2262 1457 2297 Prout
1477 2264 1588 2296 etiam
1620 2260 1657 2306 st,
1671 2259 1834 2306 pretium
1861 2257 1973 2291 Loco-

1172 2326 1253 2349 rum
1270 2314 1462 2348 Montium
1492 2311 1587 2351 Juffu
1605 2309 1797 2345 Testatoris
1813 2332 1825 2347 >
1850 2306 1973 2340 velex

1170 2365 1236 2398 alia
1252 2362 1483 2409 dispositione
1500 2362 1669 2396 Hominis
1682 2358 1823 2405 erogari
1836 2357 1976 2391 contin-

1173 2425 1232 2460 gat
1251 2409 1375 2448 favore
1399 2412 1550 2456 alicujus
1567 2408 1731 2445 heclefiae
1747 2434 1759 2449 ,
1786 2406 1856 2442 sive
1885 2406 1973 2441 Loci

1171 2463 1225 2498 Pii
1238 2463 1280 2498 ad
1292 2461 1461 2498 effectum
1476 2461 1568 2497 illud
1595 2455 1832 2506 impendendi
1844 2458 1880 2490 in
1895 2467 1972 2489 cau-

1171 2514 1243 2549 sam
1262 2511 1469 2548 dimissionis
1486 2512 1579 2546 AEris
1594 2511 1705 2546 alieni
1719 2509 1764 2543 ab
1779 2505 1970 2542 Ecclesia..

1169 2565 1375 2605 contracti,
1403 2564 1601 2608 requiritur
1630 2561 1767 2607 pariter
1796 2556 1970 2601 Eenepla-

1169 2616 1287 2649 eitum
1315 2613 1566 2660 Apostolicum
1599 2611 1640 2646 ab
1671 2607 1825 2644 Ecclesia
1852 2608 1970 2650 impe-

1171 2664 1343 2699 trandum
1373 2665 1513 2698 ratione
1527 2663 1645 2697 oneris
1659 2685 1670 2700 ,
1696 2661 1753 2694 cui
1780 2656 1969 2692 subiicitur

1169 2713 1325 2749 Ecclesia
1344 2712 1505 2748 solvendi
1521 2723 1652 2757 nempe
1679 2710 1795 2743 usuras
1821 2705 1969 2741 consue-

1169 2773 1221 2798 tas
1261 2762 1628 2809 proportionabiliter
1656 2758 1697 2793 ad
1725 2757 1969 2805 quantitatem

1171 2813 1383 2848 Aureorum
1400 2824 1505 2859 quam
1539 2811 1692 2856 recipit.
1719 2806 1886 2856 Qiadere
1912 2805 1967 2838 de-

1161 2866 1298 2909 ficiente
1315 2861 1493 2908 hujusmodi
1508 2861 1716 2906 Beneplacito
1730 2860 1796 2893 fuit
1811 2857 1967 2901 denega-

1170 2924 1205 2947 ta
1220 2914 1388 2948 executio
1406 2911 1563 2946 mandati
1581 2911 1729 2946 relaxati
1744 2909 1784 2942 ab
1802 2904 1967 2941 illustris-

1170 2961 1260 2997 fimo
1277 2963 1516 2998 Thesaurario
1531 2961 1590 2996 die
1606 2974 1617 2995 1
1632 2973 1660 2994 1.
1673 2960 1772 3003 Sept.
1784 2964 1964 3002 1759.per

1167 3024 1244 3048 acta
1260 3014 1429 3048 Mariotti
1445 3014 1568 3047 favore
1583 3009 1745 3055 Capituli
1760 3007 1793 3041 S.
1807 3007 1964 3043 Lauren-

1167 3065 1211 3098 tii
1229 3063 1333 3098 Albae
1347 3089 1358 3104 ‚
1373 3063 1390 3098 “a
1406 3075 1476 3110 quo
1491 3063 1617 3107 vigore
1632 3058 1852 3094 Testamenti
1867 3056 1899 3090 b.
1915 3067 1962 3091 m„

1168 3113 1346 3149 canonici
1361 3115 1483 3147 Felicis
1498 3111 1636 3146 ferrari
1649 3109 1791 3155 expleri
1804 3116 1961 3153 praeten-

1168 3162 1320 3199 debatur
1342 3162 1550 3211 Refignatio
1577 3160 1760 3196 Locorum
1799 3157 1959 3241 {ingruat

1825 3233 1833 3241 .
1876 3217 1911 3240 e-
