2300 3547
399 184 692 240 CAPUT
735 183 1173 244 DECIMHM
1225 190 1670 249 TERTIUM.

136 266 187 306 '47
214 256 444 304 Subcapstrt'us
469 257 566 290 datus
593 257 640 290 eft
666 257 702 288 in
729 256 929 302 adjutorium
952 257 1014 292 Ca-

253 309 363 354 pserii
377 334 388 342 .

131 359 179 404 48
207 358 346 404 Supplet
362 356 455 390 Vices
466 355 619 402 Capfi’rt’i
629 358 665 390 in
676 356 750 401 casu
763 355 1010 400 impedimenti.

134 420 183 455 49
210 407 264 441 Ad
276 408 380 441 instar
396 405 547 455 Capstrt'i
565 405 599 449 st
617 409 781 451 pecunias
787 406 936 450 fideliter
952 419 1010 441 non

254 456 423 501 dqfiripst't
445 459 480 490 in
503 455 590 490 libro
605 481 616 497 ‚
638 456 854 500 praesiaemz'tur
867 459 900 490 ιἰι
915 456 983 490 dolo
1000 484 1010 493 ,

134 516 184 552 5ο
210 506 376 541 Salarium
392 505 600 551 Subeapfi’rli
615 506 656 552 est
666 505 759 550 scut.
775 517 882 540 novem
897 532 906 541 .

133 566 154 599 5
164 570 176 593 1
208 556 364 604 Capst’rio
378 557 525 601 defimc‘io
539 569 597 590 non
601 556 758 601 succedit
775 555 838 599 ntfi
849 560 1008 601 imperan-

253 616 286 640 te
302 604 520 653 Thesaurario
535 633 544 641 .

132 668 180 700 52
207 655 387 702 Capsbritas
401 670 458 691 non
472 666 603 691 tenetur
629 656 666 690 de
692 656 759 690 dolo
772 656 909 702 &saffo
925 655 1007 690 Sub-

253 708 401 754 capscrii
416 734 426 742 .

133 770 178 804 53
210 758 336 791 Limisa
350 761 385 792 in
400 756 553 802 Capfirio
567 755 659 791 Sacra·
675 757 805 790 Montis
830 755 872 790 &
890 760 1006 811 ⁸garti-

256 808 368 841 culari
381 807 508 842 Statum
523 833 532 842 .

132 868 179 903 54
208 857 365 901 Offi'ciales
377 858 573 891 Secretartae
588 857 755 890 Montium
783 857 903 890 nullam
916 865 1007 902 pra·-

246 908 334 955 stant
348 906 568 952 securitatem
585 908 644 941 vel
660 905 779 951 favore
794 904 935 941 Camerae
950 908 1009 941 vel

255 958 547 991 Administratoris
560 983 570 991 .

131 1017 175 1052 55
203 1007 240 1041 Si
253 1006 353 1053 abeſj‘t
365 1005 481 1041 debent
490 1015 553 1052 per
568 1007 719 1041 modicum
735 1015 863 1052 tempus
882 1015 1004 1052 petunt

252 1059 419 1093 licentiam
447 1056 722 1103 Adminiffrazqrz'
748 1083 760 1098 ,
786 1057 820 1101 st
843 1070 918 1091 vero
942 1066 1004 1102 per

252 1109 378 1154 lemgum
394 1116 522 1152 tempus
535 1103 748 1152 Thesaurario
764 1106 917 1141 Generalz·
931 1134 939 1143 .

158 1222 173 1244 1
322 1207 425 1242 Unus
439 1205 602 1251 Capserii
618 1205 774 1242 consistit
790 1207 826 1242 in
840 1206 1005 1241 Exafflo-

333 1269 378 1292 ne
391 1259 553 1293 omnium
570 1255 910 1293 Emolumentorum
925 1270 1004 1302 pro-

202 1307 395 1342 fluentium
410 1306 451 1342 ab
466 1305 611 1342 Aecibus
625 1333 637 1350 2
663 1319 741 1354 quae
761 1309 916 1353 quotidie
944 1320 1005 1352 pe-

202 1368 379 1404 raguntur
397 1360 434 1392 in
448 1358 645 1393 Secretaria
660 1359 844 1393 Montium
861 1358 1008 1392 occasio-

199 1419 246 1442 ne
276 1406 574 1456 Refignationum
601 1435 615 1451 ,
646 1409 1006 1455 Attergatioiiiim,

199 1457 1005 1505 TranssationumaliarumqueObligationum

200 1507 404 1544 cadentium
430 1509 533 1553 super
551 1510 654 1544 Locis
677 1509 863 1543 Montium
892 1507 1008 1553 cujus-

202 1571 354 1605 cumque
368 1561 522 1604 speciei,
549 1562 581 1595 8<
609 1559 912 1606 quemadmodum
938 1559 1004 1593 hu-

153 1621 176 1646 2
204 1609 353 1654 jusmodi
369 1609 624 1645 Emolumenta
640 1611 773 1656 partim
801 1610 929 1645 cedunt
955 1610 1006 1644 fa·

201 1671 291 1695 vore
315 1659 541 1695 Reverendae
566 1660 730 1697 Camerae
748 1686 759 1702 ‚
784 1663 915 1705 partim
944 1672 1004 1694 au-

201 1720 276 1745 tem
303 1710 866 1746 favore.Archiconfraternitatis
889 1709 1003 1745 Pieta-

200 1762 244 1795 tis
259 1759 538 1796 Carceratorum
566 1762 665 1807 juxta
682 1762 821 1797 Taxam
842 1762 1004 1806 praefini-
1053 1788 1055 1790 .

199 1821 271 1845 tam
282 1836 294 1852 ,
308 1813 342 1845 ὃς
354 1811 592 1857 approbatam
608 1814 627 1846 'a
639 1812 792 1848 S.Mem.
809 1812 865 1847 Ριο
885 1810 917 1845 V.
934 1814 1000 1845 im-

199 1862 364 1905 praessam
388 1874 498 1907 penes
519 1863 557 1895 de
573 1864 649 1896 Luc.
660 1862 729 1909 post
744 1863 841 1897 trabi.
856 1862 893 1895 de
910 1862 1004 1895 Locis

201 1912 367 1944 Alontium
386 1912 450 1956 fol.
472 1912 553 1946 106.
581 1911 713 1959 &sb-q.
731 1937 743 1953 ‚
768 1914 814 1947 ita
842 1914 1002 1957 pertinet

197 1959 240 1995 ad
256 1959 470 2006 Capserium
487 1962 673 2009 segregare
692 1962 863 1996 introitus
879 1961 1005 1996 Came-

196 2022 246 2045 rae
273 2011 315 2045 ab
345 2011 557 2047 Introitibus
578 2012 1004 2048 Archiconfraternitatis

146 2074 172 2109 4
197 2060 404 2106 praedicstae,
430 2064 690 2108 pecuniamque
719 2062 874 2098 debitam
901 2061 1003 2098 diffie

198 2110 424 2147 Reverendae
444 2112 611 2147 Gamerae
638 2111 820 2157 deponere
848 2115 884 2148 iu
915 2111 1004 2147 AEde

196 2161 299 2197 Sacra
311 2165 348 2197 in
363 2162 540 2198 creditum
558 2161 665 2208 ipsius
682 2162 847 2199 Gamerae
864 2189 876 2204 ,
897 2163 1001 2197 Sum-

146 2220 167 2253 5
196 2224 291 2247 mam
317 2225 406 2248 vero
420 2214 576 2248 debitam
605 2224 896 2258 praemenioratae
926 2213 1003 2248 Ar-

197 2263 546 2299 chiconfraternitati
559 2263 935 2310 exsolvereDeputato
950 2263 1001 2297 di-

196 2311 260 2346 Ctae
275 2312 698 2349 Archiconfraternitatis
712 2340 724 2355 ,
751 2317 809 2360 qui
840 2317 876 2349 iu
892 2313 1001 2348 Caice

197 2361 343 2397 Codicis
356 2388 368 2404 ‚
391 2362 490 2407 cujus
504 2364 652 2397 Titulus
666 2375 689 2397 z
704 2365 855 2410 Regiflrcz
870 2375 893 2397 Ξ
908 2366 1000 2410 (μιίεν

148 2412 173 2445 6
200 2414 349 2447 tantiam
379 2414 461 2447 facit
491 2425 556 2458 per
582 2413 658 2446 haec
682 2415 792 2448 verba
807 2439 832 2456 ,‚
858 2413 1002 2448 Saldato

198 2488 224 2504 ,,
250 2473 315 2506 per
342 2464 374 2497 la
403 2462 502 2497 Piera
517 2461 739 2498 d'Carcerati
768 2465 818 2498 fin
847 2464 907 2510 qui
936 2475 1001 2509 per

198 2537 224 2554 2,
250 2511 345 2547 scudi
363 2513 398 2549 3.
413 2537 422 2546 .
438 2540 445 2548 .
464 2539 473 2548 .
489 2513 622 2561 Qesto
636 2512 673 2547 di
687 2540 696 2549 .
712 2539 721 2547 .
737 2541 746 2549 .
763 2541 771 2549 .
785 2526 880 2549 anno
895 2541 1002 2550 .....

549 2561 680 2609 ‘I'bmtcffo
696 2563 798 2606 Orfini
811 2566 976 2609 Deputrzto
991 2592 999 2599 .

150 2625 175 2659 7
202 2612 302 2648 Onus
338 2615 474 2658 pariter
512 2615 600 2649 inest
627 2613 803 2659 Capserio
841 2615 1002 2650 solvendi

199 2665 423 2699 menstruum
437 2664 616 2700 Salarium
632 2665 673 2700 se.
691 2676 751 2707 50.
768 2665 1003 2700 Administra-

197 2716 267 2748 tori
281 2713 455 2749 Generali
470 2739 481 2755 ,
505 2713 717 2751 pensionem
734 2726 806 2750 tam
818 2715 923 2761 Appa
934 2726 1002 2750 rta-

199 2767 311 2800 menti
326 2763 486 2800 destinati
510 2776 578 2811 pro
592 2764 680 2800 Sede
697 2764 855 2809 ejusdem
871 2765 1001 2800 Admi-

154 2813 174 2846 8
204 2816 397 2850 nistratoris
411 2841 424 2856 ,
450 2827 555 2862 quam
574 2816 720 2850 alterius
737 2814 1002 2861 Appartamen-

199 2866 225 2898 ti
239 2876 306 2909 pro
333 2866 520 2902 commodo
551 2865 760 2902 Secretarize
789 2877 898 2911 penes
927 2864 1000 2899 Cu-

200 2915 289 2948 riam
307 2915 600 2951 innocentianam
615 2943 627 2959 ,
641 2917 907 2962 menstruasque
918 2918 1001 2950 alias

204 2962 428 3001 ,provisiones
443 2966 997 3002 omnibusOfficialibusSecreta-

150 3027 176 3060 9
204 3015 264 3047 riae
279 3012 319 3047 ad
335 3016 488 3050 formam
507 3016 638 3052 Rotuli
651 3019 672 3051 ‘a
684 3017 922 3053 Thesaurario
934 3016 1002 3051 Ge-

201 3065 315 3099 nerali
341 3067 553 3110 approbati,
578 3069 771 3116 exegitque
799 3066 1000 3113 promiscue

200 3115 243 3149 ab
271 3114 434 3149 omnibus
450 3114 649 3162 Receputas
676 3134 686 3157 3
727 3118 925 3164 Itidemque
957 3116 1000 3151 ad

131 3174 175 3199 10
202 3166 370 3202 eumdem
398 3167 527 3203 attinet
553 3168 768 3214 prospiciere
789 3168 1000 3216 Indigentiis

151 1929 169 1961 3

1090 474 1129 497 11

1090 874 1135 897 12

1090 1026 1132 1059 13

1090 1230 1136 1264 14

1089 1530 1133 1563 15

1088 1624 1136 1658 16

1090 2040 1136 2075 17

1091 2230 1133 2262 18

1089 2437 1134 2468 19

1159 260 1367 295 Secretariae
1381 263 1650 300 consistentibus
1667 267 1701 299 in
1713 210 1966 312 PapmePer-

1159 313 1320 357 gamenis
1348 337 1360 352 ‚
1390 312 1634 354 *Ati-amento,
1660 315 1864 358 Armatus,
1889 315 1965 351 Co-

1158 360 1292 396 dicibus
1306 387 1318 402 ,
1345 363 1379 395 ὃς
1393 361 1577 398 Similibus
1600 365 1748 398 omnino
1764 366 1962 402 neceffiiriis

1159 410 1371 446 Secretariae
1386 437 1398 452 ,
1425 424 1489 447 nec
1517 424 1590 447 non
1617 412 1819 448 extradere¹
1831 417 1964 452 strenas

1161 460 1399 496 Thesaurario
1421 488 1434 503 ‚
1460 463 1631 498 Auditori
1659 488 1672 504 ,
1709 461 1920 500 Camerario
1947 492 1963 508 ,

1158 510 1361 546 Substitutis
1374 537 1387 552 ‚
1415 511 1674 548 Ratiocinatori
1690 512 1856 549 Camerae
1872 517 1963 551 aliis-

1162 574 1229 607 que
1255 561 1439 607 descriptis
1466 565 1502 598 in
1531 564 1654 598 notula
1677 566 1964 610 quamantiquus

1161 611 1366 659 consigaare
1389 614 1479 648 solet
1503 613 1670 648 modemo
1686 612 1855 658 Capserio
1881 614 1965 649 Suc-

1160 661 1297 704 cessori,
1307 665 1549 709 annotatisque
1563 675 1627 708 per
1640 663 1879 708 supradictum
1893 663 1964 699 Ca-

1163 712 1320 756 pserium
1340 711 1515 757 Expenfis
1543 717 1727 748 annuatim
1760 713 1856 749 faffls
1882 716 1963 760 ple-

1160 774 1311 808 rumque
1325 762 1516 807 justificatis
1531 763 1768 800 mediantibus
1796 763 1964 809 Recepu-

1162 815 1204 846 tis
1218 815 1421 860 porrigitur
1432 813 1476 849 de
1489 825 1582 848 anno
1596 816 1633 848 in
1648 825 1783 849 annum
1798 813 1964 860 Compu-

1164 873 1240 897 tum
1269 864 1435 909 generale
1453 863 1710 899 Ratiocinatori
1734 863 1964 901 Reverendae

1160 911 1328 948 Camerae
1355 915 1504 950 adinstar
1520 913 1791 960 Computorum
1817 916 1963 950 Condu-

1161 961 1300 998 <storum
1329 989 1342 1004 ,
1379 965 1452 999 five
1493 964 1836 1001 Administratorum
1878 965 1965 1000 Pro-

1163 1024 1340 1048 ventuum
1365 1016 1551 1050 Fiscalium
1567 1041 1580 1057 ‚
1604 1015 1767 1061 illudque
1794 1014 1966 1060 approba-

1161 1072 1219 1096 tur
1233 1061 1253 1094 'a
1269 1062 1564 1111 Congregatione
1575 1064 1848 1110 Computorum
1859 1091 1871 1106 ‚
1885 1077 1967 1112 quae

1161 1113 1203 1147 fit
1230 1116 1267 1148 in
1297 1113 1444 1149 AEdibus
1460 1112 1565 1149 Illffii
1579 1113 1627 1149 D.
1646 1114 1876 1149 Thesaurarii
1891 1115 1966 1150 Ge-

1160 1164 1294 1198 neraiis
1309 1165 1394 1199 &in
1409 1177 1476 1211 qua
1489 1166 1681 1212 evulgatur
1700 1165 1885 1206 sententia,
1895 1177 1964 1211 qua

1162 1213 1205 1248 de
1219 1225 1318 1249 more
1341 1215 1375 1250 d.
1391 1214 1582 1259 Capserius
1597 1215 1819 1250 constituitur
1835 1213 1965 1250 Credi-

1162 1273 1220 1298 tor
1237 1289 1249 1304 2
1276 1275 1334 1299 aut
1361 1265 1515 1303 Debitor
1532 1264 1757 1300 Reverendae
1773 1264 1966 1306 Camerae;

1163 1312 1415 1362 Congregatio
1431 1313 1550 1351 {intem
1567 1315 1838 1361 computorum
1855 1316 1895 1351 fit
1910 1328 1967 1351 re-

1161 1366 1337 1410 gulariter
1367 1366 1422 1401 die
1438 1367 1536 1406 Jovis
1552 1391 1564 1407 ,
1591 1367 1672 1413 quia
1700 1365 1821 1400 diebus
1836 1366 1967 1402 Martis

1161 1416 1195 1449 &
1212 1413 1365 1450 Veneris
1393 1418 1595 1452 celebratur
1619 1415 1866 1462 congregatio
1893 1415 1966 1451 Ca-

1161 1467 1306 1500 meralis
1319 1491 1332 1507 ,
1357 1467 1391 1500 &
1406 1469 1473 1502 alia
1486 1467 1590 1515 super
1612 1465 1774 1502 Residuis
1792 1491 1801 1499 .

1163 1514 1297 1550 Pendet
1324 1517 1367 1550 ab
1393 1518 1543 1553 arbitrio
1558 1516 1720 1562 Capserii
1742 1514 1960 1563 confignao

1161 1565 1350 1601 Montiffls
1379 1567 1516 1602 Literas
1543 1567 1742 1612 patentales
1769 1593 1782 1609 ,
1808 1565 1854 1601 Pa
1863 1568 1963 1602 rtitas

1161 1615 1337 1651 extractas
1362 1616 1381 1651 *a
1397 1617 1588 1652 Codicibus
1604 1618 1754 1652 retentis
1782 1617 1818 1649 in
1834 1615 1962 1651 Secre-

1162 1668 1250 1701 taria
1265 1692 1276 1707 ‚
1302 1665 1436 1712 Copias
1452 1666 1724 1712 Scripturarum
1739 1691 1751 1707 ,
1765 1664 1866 1701 Fides
1881 1666 1966 1702 alia-

1160 1729 1229 1762 que
1257 1716 1361 1760 hujus
1388 1719 1531 1764 generis
1553 1718 1655 1752 nulla
1671 1726 1857 1763 praeeunte
1872 1716 1966 1751 solu-

1159 1769 1259 1801 tione
1288 1767 1636 1804 Emolumentorum
1664 1766 1868 1802 debitorum
1893 1765 1966 1802 Ca-

1161 1817 1229 1861 psae
1244 1843 1256 1858 ,
1283 1829 1360 1863 quae
1389 1831 1433 1854 ex
1462 1820 1537 1863 post
1552 1816 1760 1853 Commodo
1777 1817 1967 1852 Montista-

1162 1880 1245 1901 rum
1273 1869 1500 1914 aliorumque
1537 1868 1744 1903 debitorum
1779 1877 1966 1902 annotato-

1161 1930 1243 1952 rum
1259 1916 1277 1951 ὲ.
1293 1917 1465 1962 Capserio
1481 1921 1517 1953 in
1534 1918 1710 1954 liberculo
1725 1929 1834 1963 penes
1855 1918 1888 1952 se
1912 1928 1967 1954 re-

1161 1979 1261 2003 tento
1289 1970 1540 2011 exolvuntur,
1566 1969 1622 2004 sed
1649 1968 1758 2004 dietus
1774 1967 1968 2011 Capserius

1165 2019 1247 2053 raro
1263 2021 1361 2054 vitur
1377 2020 1441 2054 tali
1457 2019 1606 2055 arbitrio
1621 2044 1633 2059 ‚
1653 2021 1734 2064 quia
1747 2017 1770 2051 fi
1787 2015 1940 2051 Debitor
1953 2042 1968 2057 ,

1161 2068 1204 2103 de
1219 2081 1288 2115 quo
1304 2071 1413 2105 fidem
1431 2069 1551 2104 habuit
1580 2070 1640 2103 vel
1667 2069 1715 2102 est
1731 2068 1889 2102 morosus
1904 2067 1968 2101 vel

1162 2131 1234 2153 nou
1248 2119 1420 2157 solvendo
1436 2145 1448 2160 ,
1475 2118 1647 2154 damnum
1675 2130 1747 2153 non
1774 2115 1876 2152 caedit
1894 2115 1966 2152 Ca-

1163 2180 1273 2203 merae
1301 2170 1361 2204 vel
1378 2168 1704 2208 Administratori,
1729 2170 1789 2213 qui
1818 2178 1968 2202 manum

1163 2231 1237 2253 non
1265 2221 1415 2265 apponit
1441 2219 1546 2264 super
1575 2220 1693 2265 aliquo
1709 2217 1811 2258 achi,
1837 2216 1901 2252 nifi
1929 2219 1969 2252 in

1162 2270 1228 2304 illo
1255 2268 1372 2305 videat
1401 2269 1536 2316 Signum
1551 2268 1712 2314 Capserii
1739 2268 1897 2303 indicans
1910 2267 1964 2305 so-

1160 2319 1341 2354 lutionem
1369 2318 1440 2364 jam
1470 2319 1597 2354 faciam
1625 2319 1682 2356 sed
1709 2319 1829 2365 vergit
1850 2319 1886 2352 in
1901 2315 1968 2352 Ca-

1159 2370 1316 2413 pserium
1330 2395 1343 2411 ,
1369 2371 1425 2404 cui
1453 2371 1670 2415 caeteroquin
1686 2381 1725 2401 ex·
1735 2367 1966 2414 Constitutione

1163 2421 1397 2454 Innocentiam
1426 2422 1597 2464 competit
1625 2418 1714 2453 aetio
1730 2416 1970 2463 sequestrandi

1160 2469 1297 2504 fruetus
1314 2470 1497 2504 Locorum
1512 2470 1698 2504 Montium
1715 2469 1815 2503 nulla
1830 2469 1967 2513 praevia

1160 2517 1347 2555 Citatione
1363 2519 1703 2565 proEmolumentis
1718 2517 1971 2554 debitisSecre·

1161 2572 1262 2604 tariae
1287 2597 1300 2612 ‚
1328 2582 1437 2616 prout
1466 2571 1646 2617 sequestati
1672 2571 1818 2604 fuerunt
1847 2568 1968 2603 Ioanni

1160 2619 1290 2655 Rubini
1308 2633 1374 2666 pro
1397 2620 1520 2656 debito
1535 2621 1619 2656 scut.
1638 2630 1768 2655 novem
1785 2619 1818 2654 δέ
1832 2617 1888 2651 ob.
1902 2626 1965 2660 95-

1163 2674 1380 2715 provenien.
1410 2684 1454 2706 ex
1479 2671 1630 2717 quadam
1647 2667 1967 2703 *Damnationem*

1165 2721 1348 2756 Locorum
1363 2722 1548 2756 Montium
1560 2746 1570 2761 ‚
1584 2722 1614 2754 &
1633 2718 1866 2764 quantumvis
1879 2727 1966 2761 prae-

1159 2781 1263 2806 textu
1290 2772 1476 2806 solutionis
1490 2771 1653 2805 obtinere
1674 2767 1820 2804 curasset
1847 2765 1965 2802 anted.

1163 2820 1301 2855 Rubini
1319 2822 1585 2855 revocationem
1602 2818 1683 2855 disti
1698 2817 1870 2863 Sequestri
1885 2842 1897 2857 ‚
1910 2817 1965 2850 ni-

1159 2870 1363 2906 hilominus
1390 2871 1408 2905 ὲ
1437 2869 1625 2915 conspectu
1642 2868 1783 2903 Codicis
1807 2865 1966 2901 Secreta-

1162 2922 1226 2955 riae
1242 2945 1255 2961 ,
1282 2922 1318 2955 in
1334 2931 1403 2966 quo
1420 2921 1592 2965 praefatus
1609 2919 1745 2953 Rubini
1761 2919 1875 2951 fuerat
1902 2915 1964 2952 de-

1158 2970 1312 3015 scriptus
1327 2969 1483 3005 Debitor
1499 2995 1510 3011 ,
1525 2969 1672 3015 rejectus
1688 2969 1754 3002 fuit
1768 2979 1832 3012 per
1847 2966 1966 3001 decre-

1159 3030 1240 3055 tum
1263 3019 1452 3055 Auditoris
1468 3018 1572 3057 Illffii
1589 3016 1816 3052 Thesaurarii
1844 3016 1965 3061 prodi-

1158 3081 1238 3105 tum
1249 3079 1312 3115 per
1326 3071 1398 3105 (ιὲῗίι
1413 3071 1557 3104 Rzuletti
1571 3069 1624 3101 die
1642 3070 1700 3103 28.
1718 3069 1808 3102 Maii
1827 3075 1933 3112 1759.
1949 3092 1962 3107 ,

1157 3132 1194 3156 et
1208 3120 1351 3167 quidem
1368 3132 1439 3154 non
1452 3120 1609 3154 obstante
1622 3117 1825 3163 juramento
1840 3115 1962 3151 emisso

1155 3172 1261 3216 super
1274 3170 1394 3206 asserta
1407 3170 1583 3206 solutione
1595 3171 1725 3218 vigore
1740 3165 1961 3204 alteriusDe·

1658 3218 1696 3255 Η
1822 3218 1912 3255 creti
