2300 3547
380 249 478 296 140
548 231 860 292 CAPVT
908 235 1466 293 VJGESJMVM
1505 239 1995 316 QVINTVM.

398 314 491 338 tium
526 301 755 341 possessorem
798 307 982 344 Locorum
1011 310 1200 346 Montium

399 353 523 388 obiisse
552 356 642 391 nullo
660 357 752 401 fizt‘Jo
779 353 1012 394 ‘rc-mmmm.

326 413 375 449 42
405 405 449 439 In
461 404 586 448 primo
598 405 690 442 Casu
708 406 730 440 fi
747 406 994 443 deValiditate
1006 408 1211 444 Testamen-

401 455 431 489 ti
459 466 532 489 non
557 455 742 492 haelitatur
758 481 769 495 ,
797 457 994 493 exhibetur
1007 457 1124 503 Copia
1142 471 1208 503 pu—

401 502 495 539 blica
524 503 682 548 eiusdem
711 507 933 543 Testamenti
962 508 1206 544 Administra-

398 556 475 589 tori
491 553 667 592 Gener-ali
693 556 876 592 Locorum
901 558 1118 600 Montium,
1145 562 1205 604 qui

398 605 475 650 ejus
490 607 616 652 vigore
633 606 775 643 mandat
792 609 978 643 transferri
996 608 1089 643 Loca
1103 610 1208 644 Mon-

401 658 496 691 tium
524 656 651 691 favore
678 657 841 694 Haeredis
870 658 978 693 libere
1013 659 1038 693 st
1063 660 1207 694 nullum

398 705 603 750 injunctum
619 707 688 742 fuit
705 706 854 743 Haereffl
871 719 959 743 onus
986 720 1045 744 aut
1064 708 1206 745 Vincu-

398 756 479 791 lum
494 782 506 798 ‚
532 758 593 792 vel
607 769 692 792 cum
707 758 876 794 oneribus
893 760 927 793 &
949 757 1112 795 Vinculis
1127 771 1205 795 con-

398 808 507 841 tentis
533 808 571 842 in
599 807 830 844 Testamento
852 818 1028 854 quatenus
1051 809 1166 846 adsmt
1193 833 1205 849 ‚

325 867 372 905 43
401 856 542 900 semper
566 868 688 893 autem
711 858 830 894 addito
845 858 1008 894 Vinculo
1022 860 1204 897 Clausulae

399 906 560 941 dwnmoa'o
582 907 716 954 pqffiffi'o
734 909 779 954 fit
799 921 921 944 vacans
935 910 976 945 &
994 911 1066 954 fine
1076 913 1204 958 praeju-

396 956 484 990 dicio
500 956 691 993 habentium
714 961 849 995 meliora
875 960 916 994 &
942 964 1076 1006 potiora
1098 962 1203 1009 jura5

400 1006 447 1041 Et
463 1007 486 1041 fi
503 1011 597 1042 inter
614 1008 711 1045 Loca
725 1012 914 1046 Montium
927 1009 1063 1047 haerrdi
1080 1010 1202 1047 relicta

323 1070 374 1107 44
398 1068 714 1096 connumerentur
743 1062 810 1097 alia
826 1060 921 1096 Loca
946 1060 1069 1097 relicta
1095 1063 1203 1096 alteri

397 1108 478 1153 jure
492 1109 604 1158 legati
619 1135 631 1151 ‚
659 1110 867 1147 Translatio
894 1112 937 1147 de
966 1113 1060 1159 stylo
1077 1113 1115 1146 fit
1133 1112 1202 1146 Lo-

397 1169 527 1194 corum
550 1162 714 1196 omnium
731 1163 857 1199 favore
874 1162 1042 1198 Haeredis
1063 1163 1098 1198 &
1119 1174 1203 1198 con-

324 1220 374 1255 45
402 1210 619 1245 textualiter
636 1212 677 1245 fit
706 1213 742 1246 in
767 1211 895 1249 eodem
922 1214 1088 1249 mandato
1107 1224 1204 1249 tran-

399 1259 507 1295 slatio
524 1259 705 1296 Locorum
724 1263 914 1299 Montium
931 1264 1138 1312 legatorum
1154 1265 1203 1299 fa-

395 1321 489 1344 vore
507 1309 714 1357 Legatarii‚
741 1319 824 1360 quia
840 1316 949 1362 legata
967 1316 1059 1362 sumi
1081 1313 1200 1348 debent

395 1359 434 1394 de
450 1372 545 1394 manu
562 1362 716 1397 Haeredis
731 1378 742 1403 3
772 1364 980 1413 Legatarins
995 1376 1115 1400 autem
1131 1377 1199 1411 pro

321 1411 373 1458 46
400 1410 528 1458 legatis
555 1412 592 1445 in
620 1413 855 1449 Testamento
892 1415 952 1449 fibi
982 1414 1114 1450 relictis
1142 1427 1203 1460 ap-

396 1472 537 1507 ponere
553 1464 668 1506 potest
706 1462 798 1500 nihil
819 1465 968 1510 trazfi‘at
996 1466 1102 1513 super
1131 1465 1202 1500 Lo-

396 1513 446 1546 cis
476 1513 664 1548 Montium
696 1512 759 1548 fibi
796 1514 925 1562 legatis
947 1540 959 1555 ‚
995 1529 1039 1551 ne
1068 1515 1201 1554 fruetus

395 1563 650 1608 percipiantur
678 1563 720 1597 ab
746 1565 962 1602 Haeredibus
987 1590 999 1605 ‚
1033 1567 1202 1613 quemad·

395 1610 551 1647 modum
577 1612 778 1660 appositum
807 1616 876 1652 fnit
903 1618 1022 1652 menie
1050 1618 1206 1665 Augusti

398 1663 499 1712 1760
528 1663 634 1710 super
663 1663 768 1699 Locis
794 1667 986 1703 Montium
1016 1668 1060 1703 R.
1089 1668 1125 1705 P.
1156 1670 1205 1704 D.

398 1713 560 1749 Antonii
592 1713 687 1748 Rota
728 1726 853 1751 contra
892 1720 987 1754 istius
1013 1718 1174 1755 haeredes
1197 1746 1207 1757 .

324 1775 375 1813 47
401 1766 526 1810 Spatio
539 1774 659 1799 autem
675 1765 874 1813 longissimi
899 1771 1074 1815 temporis
1089 1769 1121 1804 d.
1139 1769 1208 1805 Le-

387 1812 478 1864 gata
506 1817 780 1861 praesumuntur
794 1818 989 1865 adimpleta
1017 1821 1051 1854 &
1066 1819 1205 1861 Judices

400 1877 485 1901 cum
501 1864 591 1901 dista
609 1867 890 1912 praesumptione
905 1870 1125 1916 procedunt.
1145 1870 1207 1906 Pa-

320 1917 373 1962 '48
404 1918 505 1962 rique
532 1916 641 1952 modo
666 1918 778 1954 haeres
804 1920 1006 1956 fiduciarius
1026 1922 1207 1969 possessio-

402 1978 490 2001 nem
506 1968 671 2013 accipere
687 1977 832 2004 tenetur
847 1981 889 2007 de
917 1983 1025 2006 manu
1055 1971 1207 2007 haeredis

399 2016 559 2052 defun&
589 2018 756 2054 Haeredis
781 2024 917 2068 gravati
939 2023 1098 2069 alioquin
1129 2023 1207 2058 Pos-

399 2065 497 2103 iessio
525 2079 718 2113 reputatur
746 2072 896 2112 vin'offl,
920 2073 954 2106 &
984 2085 1056 2107 non
1082 2085 1205 2110 manu-

398 2118 562 2154 tenibilis
591 2122 613 2154 l.
627 2120 797 2154 reffitun'o
809 2123 851 2170 ff
866 2123 908 2156 ad
921 2121 1120 2159 Iraehelle‘an.
1133 2125 1156 2159 l.
1178 2136 1208 2159 1.

399 2169 430 2215 §-
447 2181 583 2216 quorum
612 2171 808 2216 Legatorttm
830 2173 904 2207 Rot.
927 2173 1026 2217 deczsJ
1043 2182 1102 2214 50.
1127 2187 1158 2208 7².
1173 2186 1207 2221 7.

401 2219 462 2254 tit.
475 2220 588 2264 defide
601 2232 678 2254 corn.
691 2235 798 2255 coram
815 2221 943 2257 Falcon.
958 2222 999 2257 ΕΩ)
1013 2226 1048 2257 in
1063 2227 1206 2270 Anagni-

401 2281 444 2302 πα
462 2269 730 2305 Mamttentiom's
758 2283 817 2316 24.
835 2272 1029 2307 Novembris
1052 2285 1157 2320 1752.
1179 2275 1207 2319 §-

400 2322 554 2366 quoniam
572 2332 634 2353 cor.
650 2321 721 2355 Esto
737 2320 887 2366 Capram
902 2336 914 2361 3
942 2322 1009 2357 Sed
1026 2325 1205 2359 limitatur

400 2370 544 2416 quoties
560 2372 661 2404 omni
674 2373 822 2417 penitus
839 2371 1060 2407 haesitatione
1076 2373 1205 2409 cessan-

407 2429 449 2453 te
476 2419 686 2455 nitidissime
717 2424 862 2458 conflat.
883 2422 921 2455 de
953 2423 1171 2469 fideconmztffi
1197 2449 1209 2466 ‚

399 2469 440 2504 de
465 2474 700 2513 pztreficatione
726 2473 763 2506 de
780 2472 962 2507 Identc'tate
977 2471 1149 2515 bonorum,
1173 2476 1209 2511 &

407 2519 505 2567 quod
536 2519 705 2555 defuneto
745 2522 881 2559 haeredi
916 2534 1068 2571 gravato
1093 2525 1208 2559 nulla:

402 2580 618 2615 competant
635 2569 873 2608 detractiones
888 2573 961 2607 Rot.
974 2574 1209 2622 decffl42.per

401 2630 462 2655 tot.
478 2619 539 2656 lib.
554 2633 589 2664 9.
610 2621 654 2654 ad
664 2631 759 2657 omat.
774 2621 869 2658 Cat-d.
885 2623 923 2657 de
938 2624 1014 2658 Luc.
1027 2635 1101 2661 tom.
1116 2636 1142 2661 1.
1168 2626 1205 2660 in

400 2671 431 2705 d.
449 2670 627 2718 Anagizt‘na
656 2675 916 2707 manutentionis
939 2673 967 2720 ᾗ.
982 2685 1041 2720 44.

326 2731 379 2768 49
407 2720 449 2755 In
466 2733 641 2757 eventum
657 2734 778 2757 autem
794 2747 806 2761 ‚
821 2722 916 2769 quod
931 2724 1204 2762 Testamentum

402 2771 465 2806 vel
494 2772 654 2807 Donatio
680 2773 803 2819 aliquo
833 2776 924 2808 vitio
953 2775 1119 2819 laboret,
1143 2788 1203 2812 aut

400 2824 544 2868 ingerat
557 2821 808 2859 difficultatem
819 2851 830 2865 ,
846 2834 930 2860 tunc
943 2827 1205 2863 recurrendum

401 2874 451 2909 est
475 2871 517 2906 ad
536 2871 700 2911 Judicem
731 2873 773 2908 ad
801 2875 870 2910 hoc
904 2887 942 2910 ut
970 2876 1094 2912 sedulo
1121 2890 1204 2912 exa-

400 2923 575 2961 minatis,
602 2933 639 2957 ac
668 2924 829 2959 enodatis
857 2924 1125 2962 difficultatibus
1153 2940 1204 2962 re-

401 2973 500 3009 laxet
518 2972 727 3011 mandatum
740 2974 781 3009 de
793 2972 1029 3019 Transfhrendo
1040 2979 1203 3024 illudque

402 3025 559 3068 praefato
573 3021 871 3060 Administratori
886 3025 1056 3061 Generali
1072 3028 1113 3063 de
1130 3039 1204 3063 mo-

404 3085 443 3107 re
458 3085 525 3117 pro
537 3076 750 3110 executione
761 3077 984 3112 committat.
1000 3076 1124 3113 Tenor
1139 3080 1203 3126 igi-

403 3133 464 3159 tur
487 3123 691 3167 hujusmodi
719 3126 883 3162 Mandati
900 3128 981 3162 talis
1007 3129 1079 3163 est.

455 3200 481 3215 ,,
510 3174 567 3210 De
594 3174 770 3210 Mandato
784 3204 793 3212 .
809 3204 818 3212 .
834 3204 841 3211 .
856 3177 890 3212 &
919 3176 961 3212 ad
993 3179 1203 3214 instantiam

404 3250 430 3269 2,
454 3227 523 3263 &c.
538 3227 574 3262 iu
596 3225 694 3272 cujus
708 3226 865 3264 Credito
888 3238 1057 3269 cautant,
1083 3231 1116 3266 δέ
1140 3240 1202 3265 ex-

1286 2584 1328 2616 51

1282 2735 1329 2767 52

1281 2987 1325 3021 53

1350 332 1375 348 2,
1402 320 1481 345 tant
1510 318 1604 347 Loca
1619 340 1628 348 .
1644 339 1653 348 .
1669 339 1678 348 .
1698 313 1840 349 Montis
1854 341 1864 349 .
1880 342 1888 349 .
1902 340 1912 349 .
1926 327 2009 350 cum
2036 316 2157 362 pluri-

1351 385 1378 402 „
1404 360 1468 394 bus
1484 385 1496 400 ,
1526 363 1560 396 &
1576 362 1726 398 diversis
1744 362 1936 405 Vinculis‚
1965 363 2159 402 Conditio·

1358 435 1385 452 „
1410 411 1535 449 nibus,
1550 413 1583 446 8<
1599 412 1892 460 obligationibus
1911 426 2020 459 prout
2035 430 2080 452 ex
2097 417 2158 452 Li-

1357 485 1382 502 „
1409 462 1497 495 teris
1513 461 1721 498 patentibus
1736 466 1899 511 registrat
1915 466 1979 501 lib.
2040 468 2103 503 fol.
2120 492 2156 505 ...

1356 537 1381 553 ‚‚
1407 509 1449 545 ad
1466 524 1548 557 quas
1560 513 1625 548 &c.
1641 522 1768 548 tenore
1782 518 2025 560 praestantium
2041 543 2050 552 .

1357 587 1383 603 ,,
1411 561 1606 597 Mandatur
1642 562 1758 598 Illffio
1784 564 1832 598 D.
1858 565 2155 602 Administratori

1356 637 1382 655 ³,
1409 610 1585 647 Generali
1615 611 1797 649 Locorum
1826 615 2013 650 Montium
2052 642 2066 658 ‚
2112 618 2155 653 ad

1356 686 1381 703 ,‚
1407 674 1514 708 quem
1528 661 1660 707 spe<fiat
1671 689 1683 704 ‚
1699 674 1735 698 ut
1749 663 1838 699 dieta
1857 664 1949 700 Loca
1964 666 2155 703 Montium

1354 736 1379 754 ³,
1408 722 1444 746 ut
1478 714 1584 757 supra
1613 716 1793 749 cantantia
1819 713 1837 748 ὲ
1866 717 1952 750 facie
1979 717 2013 750 &
2040 719 2154 753 credi-

1355 786 1380 803 „
1407 773 1445 797 to
1460 789 1489 798 ..
1501 789 1510 797 .
1525 765 1562 797 in
1575 763 1701 799 faciem
1715 789 1728 805 ,
1754 765 1788 799 &
1803 763 1998 801 Creditum
2014 792 2023 800 .
2038 793 2047 801 .
2063 793 2073 801 .
2085 767 2155 803 Uti

1353 835 1379 854 3,
1403 812 1559 848 haeredis
1584 815 1642 849 seu
1672 814 1864 850 Donatarii
1890 815 2045 860 ejusdem

1355 886 1381 903 ,‚
1406 876 1476 897 cum
1503 863 1649 898 omnibns
1672 865 1713 898 ὅ
1733 865 1878 912 singulis
1910 866 2087 909 Vz'nculjs,
2112 867 2155 901 ἔθ’

1354 936 1380 954 ‚‚
1406 912 1654 949 Condjtionz'bus
1678 926 1760 949 cum
1776 916 1902 962 quibus
1919 918 2155 962 reperiuntur

1351 986 1379 1004 2,
1406 964 1472 998 &c.
1486 963 1607 1010 Atque
1620 966 1764 1009 insuper
1778 977 1860 1000 cum
1874 964 2043 1002 Vinculis
2055 967 2156 1003 Con-

1355 1036 1379 1055 ,,
1406 1014 1603 1049 ditionibus
1622 1039 1635 1056 ,
1661 1014 1839 1050 Oneribus
1856 1015 2155 1065 obligationibus

1356 1087 1379 1106 ‚‚
1408 1065 1553 1110 aliisque
1568 1066 1746 1099 contentis
1764 1089 1773 1103 .
1799 1067 1833 1100 &
1847 1068 2022 1113 expressis
2045 1071 2081 1102 in
2098 1070 2154 1103 in-

1352 1136 1375 1152 „
1404 1116 1459 1151 fra
1481 1112 1635 1149 dicendo
1676 1115 1921 1151 Instrumento
1936 1117 2155 1153 Donationis

1354 1186 1379 1206 ³,
1404 1166 1464 1201 seu
1492 1164 1764 1200 Testamentum
1779 1166 1844 1200 &c.
1873 1167 1908 1200 &
1933 1179 2017 1202 cum
2045 1168 2156 1203 Clau-

1352 1239 1377 1255 „
1402 1216 1475 1250 sula
1503 1215 1663 1248 dummodo
1678 1215 1748 1248 &aa
1776 1216 1813 1250 in
1841 1217 2065 1253 Haeretiitate
2088 1220 2155 1254 &c.

1353 1290 1377 1306 ‚,
1403 1262 1694 1311 eumdemqueN
1724 1264 1773 1298 N.
1791 1267 1984 1302 Instantem
2024 1280 2157 1305 verum

1352 1338 1376 1355 2,
1403 1317 1437 1350 8<
1465 1315 1676 1362 legitimum
1704 1314 1939 1351 Creditorem
1978 1316 2153 1354 describat

1352 1390 1376 1407 2,
1403 1364 1471 1401 DE
1490 1364 1596 1412 QUE
1619 1360 1911 1402 FRUCTIBUS
1939 1365 2092 1403 decursis
2120 1370 2156 1403 δε

1352 1441 1378 1458 ,,
1404 1427 1478 1452 non
1504 1416 1629 1451 solutis
1658 1440 1671 1456 ,
1703 1415 1736 1449 &
1765 1417 1999 1460 imposterum
2028 1417 2156 1454 decur-

1354 1491 1380 1508 ,‚
1407 1464 1526 1502 rendis
1556 1463 1766 1512 responderi
1795 1466 1939 1502 mandet
1962 1483 1970 1502 :
1999 1467 2157 1504 Ordines

1352 1539 1378 1556 2,
1403 1517 1490 1552 solui
1518 1516 1606 1551 biles
1628 1514 1745 1551 tradat
1761 1517 1795 1551 &
1810 1530 1877 1563 pro
1893 1517 2092 1563 hujusmodi
2109 1519 2157 1553 ef-

1353 1590 1378 1606 „
1405 1567 1499 1603 fectu
1527 1567 1667 1613 quasvis
1680 1569 1932 1602 annotationes
1952 1569 2107 1604 inlibris
2121 1570 2158 1603 δε

1358 1641 1384 1658 ,,
1410 1619 1512 1653 libris
1539 1619 1571 1652 8<
1589 1619 1673 1652 listis
1691 1615 1867 1652 diciorum
1884 1621 2072 1654 Montium
2087 1644 2100 1660 ,
2123 1619 2158 1652 &

1359 1692 1384 1709 ‚,
1413 1668 1470 1703 ubi
1488 1680 1576 1713 opus
1593 1668 1873 1713 rneritapponat
1891 1693 1903 1707 ,
1926 1670 1960 1704 &
1986 1671 2051 1704 alia
2079 1680 2157 1715 quae

1359 1741 1382 1759 ‚,
1408 1721 1446 1755 in
1473 1719 1664 1764 praemilsis
1693 1718 1879 1753 neceffiria
1917 1721 1996 1754 sore
2024 1732 2157 1767 cogno-

1359 1792 1385 1811 2,
1412 1771 1507 1805 verit
1522 1795 1534 1810 ,
1549 1770 1651 1805 faciat
1667 1770 1818 1814 fierique
1834 1771 1983 1804 curet&
2000 1773 2158 1804 mandet.

1358 1843 1383 1861 ,2
1409 1820 1593 1866 Quoniam
1612 1818 1785 1854 stantibus
1800 1820 1930 1854 Literis
1943 1819 2159 1861 fluentibus,

1357 1892 1380 1909 2,
1408 1881 1447 1906 ut
1475 1872 1580 1916 supra
1606 1870 1787 1916 expeditis
1825 1870 1860 1904 δέ
1897 1871 2092 1918 registratis
2119 1872 2157 1905 in

1357 1945 1383 1961 ,,
1408 1920 1490 1957 affis
1514 1922 1744 1968 originaliter
1771 1919 1943 1956 exhibitis
1964 1920 2159 1968 Testamenta

1358 1995 1382 2011 ‚,
1407 1975 1466 2006 leu
1494 1972 1707 2006 Infit-umento
1733 1971 1951 2006 Donationis
1990 1975 2159 2006 omnium

1359 2045 1384 2062 ,‚
1412 2023 1591 2057 bonorum
1605 2024 1731 2057 favore
1747 2022 1887 2067 praefati
1905 2020 1953 2055 N.
1965 2020 2014 2055 N.
2032 2020 2111 2056 fact.
2124 2022 2160 2056 &

1357 2097 1382 2113 2,
1407 2072 1595 2117 subscript.
1622 2084 1688 2119 per
1705 2072 1753 2106 N.
1772 2071 1820 2106 N.
1834 2071 1892 2105 die
1977 2073 2062 2106 anni
2089 2083 2158 2117 per

1357 2146 1382 2162 ‚‚
1410 2122 1606 2157 Notarium
1630 2122 1818 2167 publicum
1848 2121 2043 2156 Civitatis.
2058 2147 2066 2156 .
2082 2148 2091 2157 .
2113 2123 2158 2156 In

1358 2196 1383 2213 „
1409 2172 1521 2207 <juria
1537 2184 1604 2218 per
1619 2173 1721 2206 binos
1735 2172 1855 2205 Testes
1872 2172 1907 2204 in
1922 2172 2039 2205 forma
2065 2183 2160 2206 reco-

1359 2245 1384 2263 ,,
1409 2224 1504 2269 gnit.
1525 2221 1669 2267 aliisque
1686 2221 1864 2266 Iuribus(
1879 2231 2056 2265 quatenus
2081 2222 2160 2257 haec

1357 2296 1383 2312 ‚,
1409 2271 1593 2306 necessaria
1607 2272 1626 2306 *a
1643 2270 1798 2305 Notario
1825 2272 2069 2316 censeantur)
2096 2283 2159 2306 ex-

1355 2346 1380 2362 „
1409 2320 1610 2368 primendis
1625 2333 1690 2365 per
1706 2320 1867 2360 Iudicem
1899 2320 1982 2355 visis
2006 2324 2039 2356 &
2065 2333 2158 2355 reco-

1359 2397 1381 2414 „
1408 2373 1519 2418 gnitis
1546 2370 1589 2405 ad
1610 2374 1766 2406 formam
1794 2371 1999 2406 novissimae
2015 2371 2158 2406 Consti-

1358 2445 1382 2461 „
1408 2423 1560 2458 tutionis
1584 2423 1646 2458 fel.
1675 2432 1746 2457 rec.
1760 2419 1943 2456 Benedicti
1962 2420 2028 2455 ΡΡ.
2044 2420 2156 2457 XIV.

1358 2496 1383 2512 2,
1409 2474 1456 2507 ita
1470 2472 1629 2508 mandat.
1644 2471 1709 2507 hac
1724 2497 1731 2505 .
1747 2498 1756 2506 .
1771 2498 1781 2506 .
1794 2472 1880 2506 anni
1894 2498 1902 2506 .
1917 2496 1925 2505 .
1944 2498 1953 2507 .

1411 2522 1460 2557 N.
1477 2522 1520 2557 N.
1535 2521 1672 2564 Iudex.
1774 2519 2102 2557 N.N.N0tarius.

1360 2573 1532 2618 Sequitur
1547 2573 1756 2617 Exequatur
1772 2570 1913 2606 R.P.D.
1930 2582 1998 2615 pro
2013 2582 2155 2615 ternpo-

1357 2634 1395 2657 re
1411 2622 1643 2659 Thesaurarii
1660 2635 1724 2668 per
1739 2621 1813 2656 :usta
1826 2620 1974 2665 aiicujus
1999 2633 2042 2656 ex
2060 2620 2155 2658 Rev.

1357 2672 1524 2708 Camerae
1539 2672 1811 2708 Consecretarii
1825 2683 1907 2706 cum
1924 2671 2043 2718 figillo
2059 2698 2068 2706 .

1357 2724 1382 2757 T
1394 2724 1565 2759 ranslatio
1582 2735 1672 2757 vero
1686 2748 1698 2764 ‚
1722 2723 1859 2769 quoties
1888 2723 1925 2756 in
1942 2722 2152 2757 Testamen-

1357 2784 1395 2808 το
1410 2773 1549 2809 fuissent
1564 2774 1688 2820 plures
1703 2774 1858 2807 instituti
1872 2769 2044 2808 Haeredes
2058 2798 2069 2812 ,
2096 2773 2154 2807 fie-

1357 2825 1387 2858 ri
1401 2824 1508 2859 debet
1525 2825 1648 2858 favore
1666 2822 1723 2858 dd.
1740 2820 1939 2857 Haeredum
1955 2824 2063 2869 aequis
2075 2832 2154 2868 por·

1355 2873 1502 2909 tionibus
1518 2890 1529 2915 3
1556 2876 1589 2910 δέ
1605 2875 1642 2908 in
1657 2873 1750 2908 Casu
1766 2898 1780 2916 ,
1803 2884 1874 2919 quo
1887 2872 2051 2908 Testator
2067 2871 2152 2906 Hae-

1356 2925 1545 2960 reditatem
1561 2922 1756 2969 reliquisset
1771 2922 1841 2968 sub
1858 2926 1975 2970 alzqua
1991 2923 2151 2957 conditio-

1356 2989 1405 3015 ne,
1420 2984 1564 3021 oportet
1581 2984 1618 3009 ut
1634 2975 1764 3010 Haeres
1778 2985 1862 3009 ante
1877 2974 2151 3009 translationem

1356 3025 1515 3060 ostendat
1532 3025 1817 3070 implementum
1843 3023 1945 3059 dietae
1972 3022 2150 3057 conditio·

1355 3078 1409 3110 nis
1422 3102 1434 3118 ,
1449 3077 1483 3111 &
1499 3074 1522 3109 si
1537 3088 1581 3112 ex
1599 3075 1831 3110 Testamento
1845 3072 2151 3120 deprehendatur,

1356 3127 1581 3161 Testatorem
1599 3125 1776 3173 reliquisse
1789 3124 2065 3173 aliquodfhlium,
2079 3123 2148 3156 hoc

1355 3179 1403 3212 est
1419 3175 1533 3218 Indici
1548 3176 1798 3212 exhibendum
1812 3199 1823 3214 ,
1839 3174 1882 3210 ad
1897 3174 1964 3208 hoc
1982 3184 2017 3208 ut
2037 3173 2149 3208 Tran-

1355 3229 1457 3263 §latio
1474 3229 1555 3265 fieri
1571 3228 1748 3265 valeatne
1761 3226 1848 3263 dum
1862 3235 1945 3261 cum
1961 3222 2149 3307 Vincgclis,
