2300 3547
265 221 577 278 CAPVT
617 220 1179 282 VIGEsIMVM
1217 225 1687 297 QVINTVM.
1761 241 1856 289 ¹47

209 318 235 335 „
259 293 418 328 liberum
433 291 629 329 Creditum
644 318 658 335 ,
680 293 905 342 liberamque
930 297 996 331 dis-

209 367 235 383 „
259 341 474 390 positionem
489 342 757 380 N.N.Instantis
773 354 996 387 remaneant,

209 417 233 434 ‚‚
259 392 408 428 subinde
433 403 523 428 vero
545 394 685 439 praevio
711 395 877 431 consensu
903 408 995 442 prae-

208 466 236 483 ,‚
261 441 382 478 stando
410 441 427 476 'a
456 440 550 477 die'to
567 442 615 478 Ν.
633 442 682 478 Ν.
707 445 744 479 in
772 444 995 486 secretaria,

208 516 235 534 ,‚
261 492 469 528 eorumdem
488 493 671 528 Locorum
699 494 850 531 liberam
865 493 993 531 Ceffio-

207 565 232 585 ‚‚
258 553 343 576 nem
357 567 370 584 ‚
394 543 452 578 seu
469 541 760 590 Resignationem
776 546 840 580 &c-
865 544 994 582 admit-

209 617 241 634 „
269 602 318 626 tat
346 602 451 638 atque
479 595 624 638 recipiat
650 619 662 634 ‚
695 596 927 641 pretiumque
953 607 999 632 ex

212 667 238 684 ,‚
265 642 328 677 tali
356 640 609 689 Refignatione
644 645 828 680 retrahen.
864 644 1000 692 deponi

211 717 239 734 „
265 693 410 728 mandet
427 716 439 731 ‚
466 705 548 728 cum
575 693 655 742 lege
681 706 753 730 non
781 695 996 735 amovendi,

211 767 239 785 „
265 741 328 776 nisi
342 743 382 778 ad
397 740 563 778 effedum
577 745 716 791 integre
732 745 942 781 investiendi
956 748 997 781 in

209 816 235 834 „
260 791 439 828 creditum
467 793 608 838 praefati
635 793 928 831 N.N.Inflantis
954 798 995 832 in

209 864 236 886 ‚,
260 843 337 878 aliis
354 842 457 877 Locis
472 843 657 879 Montium
673 845 706 879 S.
723 843 819 879 Petri
841 844 993 889 cujusvis

206 916 231 932 „
258 891 445 937 etechonis
461 891 685 937 subjiciendis
698 893 865 929 omnibus
882 896 915 932 ὃ(
933 895 996 931 sin-

205 966 230 984 „
257 943 350 990 gulis
366 941 560 983 vinculis,
585 941 791 985 Oneribus,
813 945 847 978 &
861 943 994 980 Condi-

204 1016 233 1034 „
259 991 416 1027 tionibus
431 993 610 1041 con-tentis
639 994 672 1028 ὃ(
694 991 872 1038 expraeffis
894 995 931 1030 in
947 997 991 1030 li·

205 1064 232 1083 ,‚
257 1043 343 1077 teris
371 1039 577 1077 Parentibus
603 1041 779 1078 dictorum
807 1043 989 1080 Locorum

204 1115 231 1133 ,u
257 1092 447 1127 Montium
464 1091 761 1139 refignandorum
773 1093 813 1128 ad
826 1106 908 1139 quas
922 1096 989 1135 ἃς.

203 1166 230 1183 „
255 1142 438 1192 Qoniam
463 1143 630 1178 stantibus
653 1143 766 1179 literis
782 1142 989 1180 Patentibus

203 1215 230 1234 „
255 1193 321 1227 &a
346 1194 384 1227 in
407 1191 492 1228 atstis
515 1191 698 1237 produflis
713 1191 990 1231 &c.111ffiusD.

203 1267 232 1283 ‚‚
258 1243 304 1276 iva
318 1241 502 1277 mandavit
517 1243 581 1278 hac
596 1242 654 1278 die
668 1269 677 1277 .
692 1269 701 1278 .
717 1268 728 1278 .

110 1302 181 1337 104
207 1291 304 1326 Cum
332 1291 401 1326 hoc
429 1303 546 1327 tamen
563 1292 656 1339 quod
685 1292 708 1327 si
736 1293 833 1328 inter
846 1296 991 1332 vincula

201 1341 288 1377 adsit
303 1342 491 1377 vinculum
505 1343 753 1390 attergationis
779 1343 839 1379 vel
864 1347 989 1382 favore

204 1390 429 1427 Reverendae
446 1392 637 1434 Camerae,
664 1393 724 1428 vel
747 1393 893 1439 alicujus
919 1395 988 1431 At-

205 1443 394 1489 tergatarii
406 1468 418 1485 ‚
441 1445 639 1490 requiritur
655 1442 855 1480 Consensus
872 1443 987 1481 Reve-

203 1492 324 1527 rendae
339 1492 505 1528 Gamerae
526 1492 742 1541 praestandus
766 1505 832 1538 per
851 1493 988 1532 R.P.D.

202 1542 496 1579 commissarium
510 1567 520 1581 ‚
544 1544 604 1579 seu
634 1544 796 1580 Primum
813 1543 987 1582 Substitu-

202 1604 282 1629 tum
300 1619 312 1634 ‚
339 1595 396 1628 vel
411 1593 486 1638 ejus
500 1618 512 1633 ‚
538 1594 637 1639 cujus
654 1595 777 1629 favore
792 1592 880 1630 dicia
897 1597 990 1633 Loca

204 1644 388 1679 Montium
408 1644 615 1692 resignanda
632 1646 780 1680 fuerunt
812 1644 964 1693 obl³gata
979 1674 988 1681 .

204 1694 238 1728 Si
256 1707 344 1729 vero
358 1694 399 1729 ad
416 1695 456 1730 sit
475 1695 673 1731 Vinculum
687 1696 766 1729 litis
794 1698 990 1740 requiritur

201 1744 403 1780 Consensus
427 1746 524 1780 illius
547 1746 643 1791 cnjus
668 1747 793 1780 favore
819 1746 989 1783 dietum-..-

202 1796 392 1831 vinculum
410 1795 580 1839 adjectum
599 1795 697 1831 fnisse
711 1796 928 1841 conspicitur
945 1825 952 1831 .

104 1855 178 1888 105
207 1844 252 1880 In
268 1846 452 1881 Mandatis
468 1846 748 1892 quibuscumque
774 1858 850 1892 quae
878 1859 988 1891 expe-

201 1896 269 1929 dm·
285 1899 471 1943 contingat
494 1908 616 1932 coram
634 1893 727 1930 1:1510
742 1895 788 1930 D.
801 1894 990 1932 Cardinali

200 1944 489 1988 Vicario‚Almae
506 1946 617 1981 Urbis
627 1945 922 1987 Gubernatore,'1
933 1947 990 1982 he-

199 1995 357 2033 faurario
373 2021 383 2037 ,
412 1995 672 2044 Vicesgerente
688 1997 723 2030 &
737 1997 905 2031 Senator-e
925 2009 987 2043 ap-

197 2048 351 2093 ponitur
367 2046 442 2092 Vzfiz
455 2058 584 2082 eorum
612 2044 892 2092 respefiivorum
911 2047 986 2083 Au-

197 2096 361 2132 ditorum
377 2124 385 2131 .
404 2097 606 2132 Novissime
632 2106 755 2131 autem
777 2097 910 2131 scilicet
934 2097 989 2130 die

202 2158 261 2193 30.
274 2145 473 2192 Spaeembris
487 2147 594 2193 1761.
611 2149 678 2182 fuit
694 2145 811 2180 habita
826 2147 989 2194 Congre-

198 2198 303 2244 gatio
331 2199 366 2230 in
391 2196 503 2232 Curia
521 2198 778 2233 innocentiana
807 2196 988 2232 occafione

198 2247 315 2283 solitae
333 2244 558 2280 visitationis
575 2271 587 2287 ,
608 2248 641 2281 &
665 2256 767 2290 capta
794 2246 862 2280 fnit
879 2247 986 2281 infra—

197 2296 332 2342 scripta
349 2295 520 2332 resolutio
535 2298 770 2342 imposterum
797 2295 987 2333 observan-

200 2346 245 2381 da
257 2372 268 2381 .

302 2395 375 2432 Die
390 2396 568 2434 Mercurii
600 2408 658 2444 30.
673 2396 810 2433 Mensis
823 2396 988 2443 Septem-

252 2445 327 2482 bris
345 2447 452 2494 1761.

202 2495 535 2534 Intervenientibns
551 2496 674 2533 Illr'nis
687 2524 701 2539 ‚
726 2498 759 2533 &
777 2495 885 2532 Rffiis
902 2496 987 2531 DD.

204 2544 361 2582 Nicolao
384 2548 491 2584 Serra
513 2548 710 2584 Causarum
725 2546 850 2583 Curiae
866 2545 988 2581 Reve-

202 2595 326 2632 rendae
353 2597 516 2634 Gamerae
540 2597 757 2643 Apostolicae
782 2596 989 2636 Auditore,

204 2645 431 2684 Bernardino
444 2647 582 2684 Giraud
597 2674 610 2690 ‚
632 2649 666 2683 &
682 2647 854 2693 Philippo
868 2647 987 2682 Maria

204 2694 361 2733 Pirellio
373 2698 446 2744 ejus
459 2700 495 2733 in
511 2698 680 2734 civilibus
695 2697 817 2734 Caufis
832 2698 988 2734 Locum-

203 2747 442 2790 tenentibus,
465 2760 505 2784 ac
529 2750 712 2785 francisco
740 2748 891 2783 Carrara
907 2746 990 2782 AG.

205 2795 393 2837 Auditos-e
417 2798 538 2837 habita
564 2800 634 2838 fuit
662 2797 834 2835 visitatio
847 2796 991 2835 Officio·

202 2856 287 2883 rum
301 2873 310 2885 .

1245 295 1384 332 Omissis
1397 298 1462 331 δίς.

1196 370 1220 386 ,‚
1246 347 1447 382 Substitntis
1460 345 1658 391 injunctum
1675 349 1722 382 est
1737 373 1749 388 ,
1774 357 1811 381 ut
1827 346 1926 381 Man-

1105 423 1110 432 .
1144 397 1361 438 „datorum
1375 422 1386 438 ‚
1413 397 1447 431 &
1460 397 1627 431 omnium
1642 395 1898 431 Chaa-aeterum
1913 419 1924 433 ‚

1144 469 1170 487 ³,
1196 459 1274 494 quae
1297 446 1365 482 sive
1391 459 1456 493 per
1473 445 1690 482 Auditorem
1707 445 1869 481 Gamerae
1887 444 1925 477 si-

1142 519 1168 539 „
1193 510 1237 533 ve
1253 510 1317 543 per
1331 496 1636 531 Locnmtenentes
1650 500 1684 529 in
1700 495 1770 531 albo
1783 495 1924 530 subscri-

1143 569 1168 586 „
1195 547 1330 583 buntur
1345 546 1434 581 bona
1451 545 1581 587 fide‚ac
1595 547 1780 592 diligentia
1797 556 1922 590 quem-

1146 620 1176 637 „
1199 595 1392 632 admodum
1406 595 1574 631 haetenus
1596 596 1825 642 praelicatum
1850 594 1895 627 est
1912 617 1923 630 ‚

1149 669 1175 687 ³,
1205 656 1362 683 utantur,
1376 646 1436 681 Ad
1449 645 1633 681 evitandos
1647 657 1733 680 vero
1748 645 1927 691 quoscum-

1147 718 1171 733 „
1197 709 1264 743 que
1278 696 1402 733 abusus
1418 720 1430 734 ,
1454 698 1513 742 qui
1528 696 1758 742 imposterum
1775 694 1923 727 evenire

1146 768 1171 786 μ
1197 746 1360 793 possent,
1382 745 1569 781 decretum
1596 747 1642 780 est
1657 769 1668 782 ‚
1695 757 1738 780 ne
1756 742 1923 786 deinceps

1050 796 1121 832 106
1144 820 1171 838 „
1194 796 1371 843 praedietis
1383 796 1523 830 foliisin
1534 792 1923 839 albosnbscriptis(v1‹l-

1142 869 1168 887 „
1187 860 1230 894 go
1244 846 1401 894 Carcine)
1416 847 1467 881 uti
1483 846 1623 881 valeant
1641 856 1707 890 pro
1721 844 1922 891 expedien-

1145 919 1170 938 υ
1194 896 1245 932 dis
1261 895 1438 933 Mandatis
1454 895 1496 930 de
1512 894 1751 942 consignando
1765 917 1776 931 ‚
1802 893 1845 928 de
1869 891 1924 926 de-

1144 971 1168 985 „
1194 946 1325 988 lendo,
1352 944 1602 981 transferendo
1617 946 1650 978 &
1668 942 1837 979 similibus
1864 942 1922 987 qui

1116 1011 1123 1014 “
1138 1021 1163 1039 ,,
1192 995 1374 1043 indigeant
1385 996 1558 1042 peculiari
1574 995 1751 1035 examine,
1763 993 1821 1028 vel
1833 991 1924 1026 Cau-

1137 1070 1164 1088 „
1190 1048 1286 1081 tione
1301 1046 1361 1082 sub
1372 1055 1479 1091 poena
1491 1043 1822 1091 privationisOfficii
1837 1042 1924 1077 aiiii:

1044 1104 1116 1144 107
1140 1121 1165 1138 ,‚
1190 1108 1259 1142 qne
1271 1096 1443 1135 arbitrio,
1470 1096 1560 1130 itaut
1588 1097 1749 1140 exceptis
1766 1092 1918 1127 Manda-

1135 1170 1163 1189 ,‚
1190 1148 1234 1180 tis
1262 1146 1305 1180 de
1330 1143 1572 1192 consignando
1589 1144 1860 1190 sequestratariis
1887 1142 1923 1175 &

1139 1220 1164 1237 ‚,
1191 1195 1424 1242 Deposnariae
1441 1193 1579 1229 directis
1593 1218 1604 1231 ,
1620 1205 1696 1240 quae
1711 1204 1832 1228 tamen
1847 1203 1926 1226 cau-

1139 1271 1165 1286 „
1192 1247 1292 1280 tione
1320 1258 1408 1291 opus
1435 1256 1506 1279 non
1531 1244 1683 1279 habeant
1701 1265 1712 1279 ‚
1736 1244 1803 1278 alia
1830 1252 1925 1288 quae-

1139 1319 1165 1336 „
1190 1307 1344 1341 cumque
1357 1294 1526 1329 Mandata
1541 1291 1733 1339 supradie‘ta
1748 1292 1845 1339 prius
1859 1303 1924 1338 per

1139 1371 1166 1387 „
1191 1346 1329 1380 eosdem
1346 1345 1556 1381 Substitutos
1570 1343 1715 1380 extendi
1738 1343 1891 1377 debeant
1905 1340 1925 1375 Ξῑ

1137 1420 1163 1436 ,,
1192 1394 1535 1430 Locnmtenentibus
1551 1393 1744 1439 respective
1766 1392 1837 1428 sive
1854 1392 1928 1425 Au-

1138 1469 1164 1487 „
1189 1444 1301 1480 ditori
1318 1444 1399 1481 AC.
1419 1443 1648 1481 ostendantur
1678 1442 1750 1478 fine
1777 1453 1925 1477 annom-

1139 1520 1163 1537 ,‚
1189 1496 1287 1531 tione
1299 1493 1373 1531 diei
1385 1493 1537 1534 Menfis,
1551 1495 1585 1529 &
1599 1496 1681 1528 anni
1697 1504 1775 1540 quae
1792 1494 1830 1527 in
1843 1489 1922 1526 achi

1139 1570 1163 1586 ,‚
1188 1545 1454 1592 subscriptionis
1493 1543 1514 1577 'a
1537 1542 1716 1591 praediffls
1743 1540 1862 1577 Illt'nxs
1891 1541 1925 1574 &

1140 1620 1167 1636 a,
1195 1592 1301 1631 Rr'r'iis
1316 1595 1560 1643 DD.propria
1577 1606 1684 1629 manu
1706 1594 1765 1627 fiat
1781 1619 1790 1628 .
1818 1592 1925 1626 Man-

1142 1670 1167 1688 „
1193 1646 1269 1681 data
1283 1656 1404 1681 autem
1420 1657 1496 1692 qnae
1510 1643 1717 1691 praedic'iam
1732 1642 1927 1679 adnotatio-

1141 1720 1166 1738 „
1192 1708 1275 1732 nem
1303 1697 1374 1731 diei
1391 1694 1525 1731 Mensis
1551 1695 1586 1729 &
1611 1695 1696 1728 anni
1718 1705 1826 1728 manu
1843 1703 1926 1735 pro-

1141 1770 1166 1789 „
1190 1749 1267 1794 pria
1292 1745 1456 1785 Judicutn
1483 1755 1558 1779 non
1584 1744 1764 1783 habeant,
1787 1742 1925 1776 scilicet

1140 1823 1166 1840 „
1193 1795 1350 1841 rei'petstu
1365 1797 1541 1836 illorum,
1568 1806 1644 1841 quae
1660 1792 1720 1827 sub
1742 1793 1926 1845 nomine-9

1140 1871 1165 1890 ‚2
1194 1846 1379 1883 Auditoris
1393 1846 1636 1894 expedientur
1652 1854 1760 1878 manu
1775 1851 1925 1888 propria

1139 1921 1165 1940 „
1192 1896 1378 1932 Auditoris
1395 1896 1475 1931 AG.
1489 1907 1571 1930 cnm
1592 1894 1759 1928 consueta
1779 1890 1927 1945 subscri·-

1137 1970 1164 1989 2,
1190 1950 1336 1993 ptione‚
1365 1948 1398 1982 8<
1413 1946 1581 1982 Clausala
1596 1944 1670 1989 Vgsh
1685 1942 1791 1988 ipsius
1810 1938 1926 1976 Audi·

1139 2021 1165 2039 a>
1191 2000 1278 2033 toris
1300 1995 1380 2032 AC.
1406 1998 1440 2031 ὃ(
1465 1994 1624 2042 respefiu
1647 1993 1795 2028 illorum
1813 2017 1824 2032 ‚
1846 1999 1925 2035 quae

1139 2072 1164 2088 „
1190 2046 1431 2093 expedientur
1468 2046 1615 2080 nomine
1657 2043 1928 2078 Locumtenen-

1140 2121 1165 2140 a»
1192 2099 1285 2132 tium
1310 2124 1323 2140 ,
1347 2107 1454 2131 manu
1484 2096 1629 2141 propria
1657 2094 1928 2129 Locumtenen-

1140 2171 1166 2191 ,‚
1193 2149 1286 2182 tium
1314 2144 1553 2186 eorumdem,
1581 2143 1708 2184 nulla,
1733 2143 1767 2177 ὃ(
1792 2141 1928 2176 nullius

1137 2220 1164 2239 2,
1190 2198 1329 2233 roboris
1342 2197 1591 2232 existimentur
1603 2219 1613 2233 ,
1624 2195 1657 2229 &
1672 2193 1926 2229 executionem

1139 2271 1164 2288 2,
1189 2247 1281 2293 apud
1297 2257 1561 2294 quemcumque
1575 2246 1742 2280 Montem
1756 2241 1828 2276 five
1842 2241 1927 2276 Ban-

1139 2322 1164 2339 ‚,
1190 2309 1272 2332 cnm
1290 2297 1478 2342 publicum
1499 2297 1605 2331 etiam
1628 2293 1738 2329 Urbis
1768 2317 1780 2333 ‚
1809 2292 1930 2325 Secre-

1139 2372 1164 2389 „
1192 2350 1321 2382 tarivm
1344 2347 1531 2382 Montium
1560 2371 1572 2386 ‚
1610 2346 1643 2379 &
1663 2340 1929 2387 Depofitariam

1139 2419 1166 2437 a,
1194 2396 1378 2432 Urbanam
1392 2422 1405 2437 ,
1425 2397 1459 2430 8(
1488 2396 1653 2443 generice
1674 2404 1747 2428 tam
1772 2393 1809 2425 in
1827 2388 1927 2431 Jndi-

1142 2471 1166 2487 2,
1194 2448 1263 2485 cio,
1276 2458 1381 2493 quam
1398 2455 1501 2481 extra
1516 2442 1668 2479 omnino
1683 2454 1754 2477 non
1771 2452 1928 2475 merean-

1143 2519 1168 2538 ‚‚
1192 2506 1252 2532 tur
1267 2520 1277 2534 ‚
1301 2497 1335 2530 &
1360 2494 1561 2540 hujusmodi
1584 2494 1783 2529 Decretum
1808 2490 1930 2525 notifi-

1142 2568 1169 2588 ‚‚
1195 2556 1299 2582 cetur
1334 2545 1537 2592 respefiivis
1559 2541 1818 2578 Defensoribus
1844 2564 1856 2578 ‚
1894 2539 1929 2574 8<

1143 2619 1171 2635 ‚s
1198 2596 1360 2632 Patronis
1377 2596 1517 2631 Montis
1532 2592 1675 2629 Pietatis
1690 2619 1702 2635 ‚
1717 2591 1852 2627 Mensae
1868 2601 1931 2623 nu-

1143 2668 1168 2688 ³,
1195 2647 1359 2690 mulariae
1373 2645 1565 2691 &Spiritus
1579 2669 1590 2685 ‚
1602 2644 1808 2679 Secretariae
1825 2639 1931 2674 Mon·

1146 2719 1171 2739 ‚2
1196 2698 1290 2731 tium
1315 2721 1329 2737 ,
1354 2697 1388 2730 δέ
1414 2694 1649 2742 Depofitariae
1678 2692 1835 2727 Urbanae
1863 2689 1930 2725 de,

1138 2770 1164 2786 2,
1192 2745 1370 2781 Mandato
1388 2745 1492 2782 AG,
1507 2745 1540 2778 δέ
1555 2744 1650 2779 illius
1661 2740 1872 2777 Tribunalis
1887 2737 1929 2772 ad

1142 2819 1169 2837 ‚,
1195 2808 1323 2832 eorum
1339 2796 1506 2833 notitiam
1530 2796 1562 2831 8<
1577 2792 1735 2830 debitam
1749 2791 1930 2828 executio·

1145 2868 1171 2888 a>
1193 2858 1299 2883 nem*-

1531 3247 1615 3287 Ἕκ
1774 3243 1877 3281 CA·
