2300 3547
625 153 1486 216 VBERIMVS.

127 225 296 258 Falsitates
314 227 341 258 St
360 224 484 256 fraudes
507 221 598 261 super
614 222 706 254 Locis
721 223 880 255 Montium
893 226 1019 265 possunt

220 271 336 310 patrari
349 269 429 299 citra
440 266 527 308 quod
542 266 741 300 innotescant
758 267 1017 301 Administratori

223 325 290 353 cap.
311 323 359 343 ΙΙ.
382 321 418 341 n·
437 320 484 342 ΙΙ·

128 360 271 395 foemina
285 356 422 396 allegare
445 356 545 394 potest
559 355 718 389 defeffium
740 355 1018 388 solemnitatum-³

218 407 330 433 contra
355 399 449 429 aliam
465 398 641 430 foeminam
663 400 792 441 quoties
817 409 878 430 una
897 400 963 442 agit
978 401 1017 431 de

216 446 333 476 damno
359 442 518 478 vitando,
541 444 569 475 δε
594 445 656 475 alia
677 445 715 475 de
743 444 835 474 lucro
859 444 1017 485 captando

214 500 280 529 cap.
294 499 345 519 ιι.
371 496 401 517 n.
417 499 466 526 59.

175 537 242 567 Nec
268 527 449 567 hujusmodi
471 529 612 561 defectus
639 530 838 562 convalidari
853 534 955 573 potest
976 543 1015 568 ex

220 576 351 609 Affibus
367 573 539 605 succeffivis
555 575 672 606 ibidem
696 580 789 608 n.60.

170 623 277 652 Potest
294 627 398 648 tamen
419 617 549 658 allegari
574 628 589 648 a
616 620 714 650 tertio
733 619 896 650 Possessore
920 625 1015 653 11.61.

128 666 279 698 Foeminae
305 665 386 693 stant
411 660 467 694 sub
490 664 687 701 proteciione
704 662 858 704 Principis
880 673 946 704 cap.
963 677 1013 698 η,

212 719 298 740 1111111.
313 719 327 738 2
354 731 362 738 .

170 757 207 786 In
221 717 570 784 caturnicontraetibus
586 760 650 782 nou
664 750 776 782 sufficit
794 750 954 790 praesentia
965 753 1015 788 Ju-

213 797 293 827 dicis
307 819 315 832 ,
338 794 392 826 sed
407 793 581 835 requiritur
593 816 604 831 ,
629 801 666 826 ut
690 794 932 836 interloquetur
945 806 1013 836 cap.

214 853 265 872 ιι.
291 849 321 870 11.
335 842 386 869 26.
404 839 470 868 vid.
485 838 602 868 Mulier
614 862 622 869 .

126 884 347 923 Fidejuffiones
375 891 432 921 pro
454 881 616 912 deletione
641 881 852 914 vinculorum
875 883 1011 915 existen-

214 928 296 957 tium
319 925 410 965 super
424 925 594 955 Montibus
607 925 818 957 Baronalibus
835 927 1009 966 praestandae

211 971 284 1003 sunt
296 979 348 1008 per
363 970 428 999 aaa
441 969 567 1000 Notarii
580 969 728 1010 privativi
741 969 1009 1013 Congregationis

211 1015 371 1046 Baronum
395 1022 504 1052 cap.4.
531 1022 562 1043 n.
582 1017 632 1052 56.

124 1056 218 1089 Fides
233 1056 469 1097 Relignationis
485 1077 494 1092 ,
520 1059 547 1088 δι
564 1056 799 1098 Attergationis
824 1058 1010 1090 extenditur

211 1112 227 1132 a
241 1100 449 1133 Broliardista
464 1124 472 1136 ‚
485 1103 512 1133 ἃ
526 1099 733 1132 subscribitur
746 1105 784 1133 ab
804 1102 1008 1134 Administra-

213 1152 282 1175 tore
306 1146 337 1175 in
352 1144 434 1175 calce
450 1144 586 1175 Ordinis
604 1154 671 1185 cap.
686 1155 697 1176 ι
709 1154 735 1176 1.
759 1155 789 1177 11.
804 1157 854 1185 2⁷·

122 1189 216 1221 fides
234 1189 428 1222 Partitarum
445 1190 655 1220 extrahuntur
671 1200 687 1221 a
701 1189 803 1220 Libris
817 1211 827 1227 ,
849 1192 877 1223 ἃ
892 1190 1007 1232 signan-

211 1240 262 1263 tur
277 1234 315 1264 ab
330 1231 595 1263 Administratore
615 1241 681 1272 cap.
700 1244 747 1264 12.
769 1243 800 1265 11.
819 1239 868 1266 16.

119 1278 406 1312 fideicommissum
420 1275 565 1307 censetur
576 1276 762 1307 ordinatum
787 1277 922 1309 deducto
948 1288 1006 1309 aere

207 1321 312 1352 alieno
338 1330 470 1361 cap.23.
498 1330 528 1351 n.
547 1331 616 1352 120.

162 1366 206 1396 Et
228 1365 406 1404 prohibitio
432 1363 635 1395 alienationis
660 1365 739 1396 faeta
763 1366 801 1396 ab
815 1365 1004 1396 institutore

205 1408 444 1441 fideicommissi
481 1418 544 1438 non
574 1408 755 1448 praejudicat
780 1408 1004 1441 Creditoribus

205 1451 448 1484 fideicommissi
474 1451 591 1483 ibidem
615 1463 643 1483 n,
663 1462 732 1483 121.

117 1496 354 1533 fideicommissi
370 1494 531 1527 vinculum
546 1496 646 1526 deleri
663 1496 736 1526 licet
750 1495 781 1526 in
796 1496 1004 1528 dimiffionem

204 1541 414 1572 Creditorum
426 1538 786 1571 fideicommiffiDebita
798 1541 926 1572 aliunde
936 1551 1006 1582 pro-

210 1585 311 1615 banda
325 1583 397 1615 sunt
411 1606 420 1621 ,
445 1594 539 1624 quam
564 1586 602 1615 ab
618 1584 783 1616 assertione
798 1585 1005 1617 Creditorum

212 1638 241 1660 n.
256 1639 326 1667 ¹23·
338 1629 401 1660 vid.
416 1629 503 1659 verb.
518 1628 691 1660 Vinculum
705 1653 712 1661 .

117 1673 367 1705 fideicommissa
382 1673 412 1703 in
428 1672 563 1704 AEtruria
583 1683 646 1704 non
667 1673 905 1712 protenduntur
919 1672 1003 1704 ultra.

202 1724 348 1757 quartam
361 1716 489 1752 lineam,
503 1727 566 1747 non
582 1716 831 1758 compraehensos
842 1717 949 1759 stipite
963 1727 1004 1749 ex

204 1761 272 1802 lege
289 1760 418 1801 speciali
444 1771 509 1800 eap.
528 1771 576 1800 23.
603 1772 632 1794 n.
650 1772 718 1800 ¹55-

116 1804 280 1842 fideiuffio
310 1806 404 1836 hodie
426 1815 488 1836 non
513 1804 622 1837 sufficit
633 1816 691 1845 pro
705 1805 865 1837 deletione
880 1804 1002 1837 vinculi

205 1848 362 1880 Clausulae
385 1849 562 1880 dummodo
589 1875 599 1888 ‚
627 1849 682 1882 sed
710 1850 882 1892 requiritur
909 1849 1004 1881 etiam

204 1893 355 1926 Bancaria
378 1903 444 1934 cap.
462 1903 514 1932 ²5·
541 1903 571 1924 11.
587 1897 639 1926 16.

114 1936 288 1974 fidejussor
305 1939 405 1978 potest
419 1948 526 1979 gerere
548 1938 680 1979 figuram
696 1937 918 1969 Procuratoris
938 1935 1002 1970 ibi.

204 1983 276 2011 dem
303 1993 333 2012 n.
350 1992 398 2013 21.

114 2025 218 2056 Pilius
230 2025 377 2056 constitui
391 2027 493 2064 potest
507 2025 697 2058 Procurator
711 2036 728 2057 a
742 2025 845 2057 Matre
866 2036 934 2070 cap.
952 2039 1002 2066 19.

204 2078 292 2100 num.
308 2079 357 2107 ¹7·

113 2113 195 2147 Pilio
210 2112 420 2144 succedebant
438 2111 530 2142 Pater
543 2114 569 2145 ἃ
582 2113 684 2144 Mater
696 2112 826 2145 exclusis
837 2112 1000 2148 Fratribus

201 2166 269 2196 cap.
287 2168 334 2195 23·
363 2165 392 2185 n.
409 2161 460 2187 88.

115 2200 190 2232 filii
220 2202 362 2230 Fratrum
391 2198 562 2229 succedunt
587 2201 703 2231 Patruo
727 2198 910 2233 simultanee
930 2214 1003 2236 cum

212 2242 463 2275 Ascendeutibus
481 2251 510 2272 n.
525 2248 575 2282 89.

118 2288 194 2321 Filii
212 2294 380 2317 renuentes
409 2285 583 2326 supponere
599 2286 855 2321 fideicommissa
881 2297 897 2318 a
911 2291 1003 2321 Patre

202 2330 543 2371 ordinatoLegitimam
560 2332 742 2367 habentius
759 2337 883 2360 tantum
900 2332 1003 2363 conse-

198 2376 316 2416 quendi
329 2374 506 2414 legitimam
520 2400 529 2413 ‚
554 2374 586 2405 in
608 2384 670 2415 qua
682 2373 850 2405 censentur
863 2375 1000 2407 instituti

199 2429 233 2450 Ca
259 2444 266 2451 .
283 2432 330 2459 23.
360 2428 390 2448 n.
406 2428 475 2458 ¹03·

157 2464 213 2495 Sed
242 2476 251 2494 1
266 2464 436 2494 adiverunt
451 2461 673 2492 Haereditatem
689 2462 881 2501 acceptando
895 2463 998 2496 Testa-

200 2514 343 2539 mentum
357 2506 458 2536 Patris
476 2527 484 2541 ,
510 2505 559 2534 vel
576 2505 635 2535 Avi
650 2505 798 2535 dicuntur
813 2508 998 2548 acquievisse

199 2553 289 2582 oneri
306 2549 543 2582 fideicommissi
566 2550 684 2588 adjec‘to
701 2548 849 2590 legitima
878 2550 998 2584 ibidem

201 2606 232 2627 11.
247 2608 318 2631 ¹04·

154 2642 220 2674 Nec
235 2639 372 2679 amplius
396 2638 507 2669 datum
536 2638 578 2669 est
600 2638 708 2671 iisdem
725 2636 814 2668 illam
830 2636 997 2671 detrahere

196 2695 228 2714 n.
247 2696 316 2723 105.

152 2728 307 2768 Praecipue
336 2727 354 2757 si
379 2726 409 2757 in
424 2727 650 2767 Acceptatione
666 2726 860 2757 Testamenti
875 2727 997 2767 paterni

201 2771 409 2802 intercesserit
420 2771 575 2809 promissio
590 2771 732 2813 specialis
749 2770 845 2802 etiam
860 2771 997 2812 respec'tu

195 2815 233 2844 ad
250 2815 426 2857 legitimam
442 2820 561 2847 n.106.

109 2859 207 2892 filius
223 2859 362 2890 succedit
378 2860 460 2890 Patri
477 2869 539 2891 non
555 2860 698 2892 obstante
711 2858 797 2901 quod
811 2859 888 2889 adsit
902 2861 994 2891 Avus

197 2913 260 2942 cap.
277 2915 327 2944 ²3-
355 2910 471 2943 n.147.

153 2946 221 2977 Sive
239 2947 334 2977 Filius
351 2948 388 2977 sit
402 2948 561 2979 Masculus
587 2949 647 2979 sive
664 2946 805 2979 Foemina
831 2957 862 2978 n.
881 2952 950 2984 148.

110 2990 200 3021 filiis
220 2992 310 3021 Patre
326 2992 446 3022 orbatis
464 3018 472 3030 ,
494 2993 520 3023 ἃ
534 2993 563 3022 in
579 2995 744 3032 pubertate
757 2991 807 3023 seu
831 2991 995 3022 minorita-

198 3041 227 3064 te
242 3035 422 3066 constitutis
436 3057 444 3071 ,
460 3034 659 3067 reservantur
673 3038 791 3069 fruetus
806 3036 913 3066 favore
930 3037 995 3067 Tu-

197 3079 277 3109 toris
293 3078 391 3109 tutela
405 3080 539 3110 durante
566 3090 593 3112 n.
611 3089 681 3119 151.

111 3121 213 3154 Pilius
229 3123 373 3165 impubes
388 3132 566 3167 comparere
580 3133 643 3156 non
657 3131 782 3157 tenetur
794 3124 994 3159 6013111111ἀί-

1803 178 1894 227 175

1155 223 1247 273 ce·in
1270 225 1339 256 actu
1367 225 1579 264 stipulationis
1595 250 1606 266 ,
1629 230 1715 262 secus
1743 231 1762 261 si
1786 232 1823 262 sit
1838 242 1959 272 pubes,

1154 276 1228 307 quia
1244 278 1423 308 comparere
1438 269 1532 302 debet
1556 283 1617 304 una
1633 275 1723 305 fimul
1744 285 1818 306 cum
1834 277 1959 307 Tutore

1154 311 1232 351 Cap.
1247 318 1300 342 16.
1324 322 1354 343 n.
1374 322 1423 351 ¹7·

1066 353 1138 387 filii
1155 355 1186 386 in
1201 355 1386 387 conditione
1411 357 1504 397 positi
1527 369 1566 391 ex
1579 362 1703 394 Statuto
1716 363 1812 394 Urbis
1831 362 1964 395 censen-

1155 405 1207 429 tur
1220 399 1400 440 dispositive
1423 402 1526 432 vocati
1554 413 1621 445 cap.
1638 417 1689 448 23.
1713 412 1806 443 n.46.

1113 445 1205 473 Secus
1217 445 1332 481 dejure
1347 446 1509 476 communi
1537 456 1567 480 n.
1585 460 1634 489 52.

1116 485 1234 517 Limita
1249 488 1268 518 fi
1281 488 1590 527 adfintCmijeaurae
1602 491 1772 525 suadentes
1786 493 1890 526 Filios
1905 495 1962 526 effe

1157 530 1338 571 dispositive
1352 540 1485 564 vocatos
1501 534 1618 566 ibidem
1641 547 1669 569 n.
1685 550 1695 575 5
1709 549 1737 575 ³-

1111 576 1264 625 Per-quas
1281 576 1439 608 receditur
1454 578 1496 609 ob
1510 580 1661 620 opinione
1676 573 1780 623 glioss‘ae
1794 583 1826 614 in
1843 581 1876 615 L.
1889 586 1961 615 Lu-

1157 628 1224 650 cius
1247 629 1278 650 n.
1295 630 1346 658 54.

1063 663 1177 696 Forma
1201 664 1230 694 ἃ
1245 663 1442 694 Conditione
1459 663 1702 704 respicientibus
1717 669 1858 710 aliquem
1883 679 1960 710 prae-

1152 705 1251 737 cisum
1265 708 1358 738 finem
1372 732 1381 745 ,
1403 706 1517 738 sufficit
1528 734 1538 746 ,
1561 718 1599 740 ut
1613 712 1685 742 finis
1700 714 1753 745 iste
1767 713 1877 754 aliquo
1894 724 1959 744 mo·

1150 750 1194 780 do
1207 751 1360 782 habeatur
1383 760 1416 782 ca
1441 773 1448 782 .
1461 764 1492 789 ⁴·
1506 762 1538 784 n.
1554 764 1604 793 27.

1065 795 1177 826 forma
1190 795 1217 826 ἃ
1234 794 1399 834 dispositio
1440 796 1660 829 onstitutionis
1677 801 1792 831 Bened.
1808 801 1957 833 PRXIV.

1150 836 1304 869 servanda
1326 840 1368 870 est
1393 837 1450 871 sub
1461 842 1567 881 poenis
1590 841 1622 871 in
1638 852 1673 872 ea
1689 843 1819 875 indietis
1846 855 1913 885 cap.
1927 850 1957 877 6.

1151 890 1239 912 1111111.
1258 894 1309 924 3⁷·

1104 925 1186 957 Tam
1200 935 1253 966 per
1263 925 1391 960 judices
1407 951 1415 965 ‚
1439 936 1532 967 quam
1557 939 1611 969 per
1624 930 1786 962 Montium
1803 931 1955 963 Admini-

1151 970 1317 1001 stratorem
1339 981 1407 1010 cap.
1424 983 1472 1002 ω.
1490 981 1521 1002 11.
1538 984 1591 1003 22.

1061 1012 1199 1044 fraudes
1221 1023 1305 1053 aeque
1329 1015 1398 1045 dari
1420 1015 1545 1052 possunt
1571 1017 1602 1047 in
1620 1017 1847 1050 Contraoibus
1861 1019 1955 1061 gestis

1147 1067 1218 1087 cum
1231 1057 1320 1089 filiis
1333 1060 1361 1091 ἃ
1378 1059 1565 1091 Parentibus
1585 1070 1618 1090 ac
1645 1070 1716 1092 cum
1732 1064 1803 1095 aliis
1820 1074 1883 1105 cap.
1904 1075 1954 1102 ¹9·

1147 1109 1233 1132 num.
1250 1104 1300 1135 16.

1057 1144 1156 1178 Fratri
1170 1143 1341 1175 succedunt
1357 1146 1449 1175 Pater
1462 1146 1488 1177 8<
1503 1146 1624 1178 Fratres
1642 1149 1768 1180 exculsa
1783 1151 1884 1182 Matre
1900 1149 1950 1182 se.

1143 1189 1281 1219 cundum
1296 1192 1454 1222 statutum
1472 1190 1564 1221 Urbis
1587 1202 1653 1231 cap.
1668 1204 1717 1233 23.
1743 1203 1772 1225 n.
1787 1206 1838 1231 94-

1057 1233 1189 1266 Frustus
1204 1232 1360 1264 Locorum
1373 1232 1535 1265 Montium
1558 1235 1589 1264 in
1611 1237 1757 1276 primaeva
1774 1239 1944 1269 Ere-aione

1142 1274 1350 1308 ascendebant
1373 1278 1412 1307 ad
1424 1276 1508 1308 scuta
1523 1277 1630 1310 decern
1644 1290 1701 1320 pro
1715 1281 1841 1322 singulis
1856 1282 1951 1314 Locis

1149 1328 1214 1360 cap.
1234 1329 1283 1358 17.
1306 1330 1337 1352 11.
1354 1333 1380 1353 1.

1104 1362 1235 1396 Redaoi
1247 1363 1320 1395 sunt
1335 1366 1431 1395 tractu
1447 1366 1603 1405 temporis
1630 1369 1669 1399 ad
1686 1367 1773 1399 scuta
1785 1376 1924 1410 quatuor
1938 1393 1951 1408 ,

1145 1409 1173 1439 &
1189 1418 1286 1448 nuper
1301 1409 1339 1438 ad
1354 1408 1440 1440 scuta
1454 1411 1514 1443 tria
1535 1419 1566 1442 11.
1582 1422 1610 1442 2.

1098 1451 1351 1483 Considerantur
1379 1453 1544 1495 plusquam
1572 1454 1704 1486 Frue'kus
1744 1455 1950 1488 industriales

1143 1494 1271 1533 subjecti
1287 1498 1486 1537 corruptioni
1499 1499 1592 1529 Aeris
1608 1520 1617 1535 ,
1633 1500 1738 1530 Terrae
1750 1521 1761 1537 ‚
1782 1501 1922 1534 Locutus
1936 1526 1950 1540 ,

1142 1542 1169 1572 ἃ
1183 1540 1327 1572 Muribus
1353 1552 1382 1573 n.
1400 1551 1450 1580 30.

1053 1583 1184 1614 Fructus
1207 1584 1405 1615 industriales
1424 1584 1582 1622 subjacent
1595 1586 1738 1618 Hostium
1756 1612 1765 1625 ‚
1789 1589 1815 1619 ἃ
1832 1588 1950 1620 Latro-

1141 1637 1216 1659 num
1235 1629 1467 1660 incursionibus
1484 1654 1491 1666 ‚
1515 1631 1541 1661 Sr
1558 1631 1844 1669 depredationibus
1860 1641 1947 1666 n.4o.

1052 1671 1185 1703 fruetus
1199 1672 1360 1704 Montium
1375 1679 1564 1713 reputantur
1579 1674 1723 1706 melioris
1735 1675 1949 1707 conditionis

1140 1727 1234 1758 quam
1246 1718 1374 1748 Fructus
1392 1717 1504 1748 civiles
1521 1726 1550 1748 n.
1568 1729 1617 1757 50.
1630 1721 1657 1749 ἃ
1673 1726 1725 1750 60.

1096 1761 1194 1801 Super
1207 1761 1369 1792 Fructibus
1384 1761 1494 1792 crebro
1511 1762 1593 1792 fiunt
1603 1762 1796 1794 Contractus
1810 1762 1949 1795 vitalitii

1142 1815 1230 1837 num.
1245 1817 1294 1845 20.

1099 1848 1215 1892 Istique
1242 1850 1360 1882 fruetus
1386 1849 1460 1880 licet
1487 1851 1637 1883 excessive
1650 1851 1789 1893 percepti
1805 1861 1868 1883 non
1883 1851 1948 1883 im-

1144 1900 1299 1933 putantur
1314 1895 1343 1924 in
1360 1894 1505 1933 Capitale
1527 1901 1597 1928 n.8.

1099 1936 1180 1968 Nam
1195 1939 1399 1969 Excesiivitas
1415 1938 1573 1969 toleratur
1598 1940 1637 1971 ob
1661 1940 1840 1980 periculum
1852 1939 1944 1978 Conq

1141 1984 1258 2013 tracius
1274 1982 1406 2012 vitalitii
1425 1983 1541 2013 ibidem
1570 1993 1599 2015 n.
1616 1996 1644 2022 9.

1097 2024 1176 2056 Cedi
1205 2036 1269 2057 non
1293 2028 1416 2066 possunt
1434 2052 1443 2065 ,
1469 2028 1487 2056 li
1503 2027 1581 2057 adlit
1595 2027 1772 2067 prohibitio
1786 2025 1943 2069 Principis

1138 2080 1204 2110 cap.
1221 2079 1231 2099 1
1243 2081 1271 2106 7.
1296 2081 1325 2101 n.
1341 2082 1391 2105 24.

1051 2115 1182 2147 Fructus
1202 2114 1357 2144 Locorum
1374 2113 1534 2145 Montium
1548 2113 1759 2146 exsolvuntur
1775 2125 1792 2146 a
1804 2113 1944 2156 Depofi·

1142 2159 1231 2189 tariis
1244 2168 1310 2198 cap.
1331 2168 1355 2190 1.
1381 2168 1454 2189 11.1.

1102 2202 1263 2244 Attergati
1290 2212 1346 2242 pro
1372 2202 1523 2234 alimonia
1536 2203 1701 2235 transferri
1728 2212 1791 2233 non
1812 2202 1942 2244 possunt

1143 2249 1220 2287 Cap.
1237 2256 1286 2283 ¹9·
1311 2256 1410 2281 n.4¹.

1100 2291 1275 2321 Solvuntur
1294 2300 1309 2320 a
1321 2289 1470 2330 Capserio
1483 2289 1686 2331 Depositariae
1711 2300 1740 2321 n.
1752 2295 1805 2321 60.

1098 2336 1148 2366 Ex
1163 2335 1289 2365 cessione
1304 2334 1460 2366 fruetuum
1477 2345 1538 2364 non
1554 2335 1712 2374 irrogatur
1725 2332 1940 2373 praejudicium

1138 2378 1363 2408 Creditoribus
1386 2388 1450 2418 cap.
1480 2389 1525 2416 ¹7-
1555 2388 1585 2408 n.
1603 2389 1653 2415 ²7-
1667 2379 1695 2408 Sc
1715 2386 1762 2412 28.

1050 2420 1179 2452 fruetus
1195 2422 1315 2452 Montis·
1332 2421 1404 2451 fidei
1417 2422 1560 2461 praefiuiti
1586 2423 1670 2452 fuere
1691 2423 1729 2452 ab
1742 2421 1878 2453 exordio
1902 2421 1936 2451 in

1136 2466 1248 2495 annuis
1263 2464 1358 2495 scutis
1374 2467 1479 2496 decem
1505 2476 1570 2505 cap.
1589 2476 1618 2497 ι.
1642 2475 1672 2496 11.
1690 2476 1699 2494 1
1712 2475 1738 2496 1.

1050 2507 1179 2540 fruetus
1194 2509 1349 2539 Locorum
1369 2511 1528 2540 Montium
1545 2509 1625 2539 Salis
1642 2529 1651 2542 ‚
1676 2509 1778 2545 Auri,
1802 2510 1828 2539 Sc
1845 2509 1940 2540 Maci-

1136 2560 1230 2583 natus
1243 2555 1416 2583 ereoorum
1427 2556 1464 2585 ab
1477 2554 1604 2584 Urbano
1620 2553 1709 2583 VIII.
1723 2563 1739 2583 a
1754 2550 1850 2582 scutis
1866 2554 1939 2583 oc'to

1136 2598 1252 2629 redaeti
1266 2598 1393 2628 fuerunt
1408 2599 1444 2628 ab
1459 2595 1692 2629 Innocentiox.
1704 2597 1743 2625 ad
1756 2596 1842 2627 scuta
1857 2607 1938 2637 qua-

1134 2648 1208 2672 tuor
1222 2651 1290 2672 cum
1305 2642 1442 2671 dimidio
1454 2647 1578 2670 mutata
1590 2646 1701 2669 natura
1714 2640 1938 2671 dd.Montium

1134 2685 1213 2715 alias
1227 2685 1415 2716 vacabilium
1428 2686 1458 2715 in
1472 2693 1532 2714 non
1548 2684 1737 2714 vacabilium
1751 2694 1868 2723 cap.2.n
1887 2689 1939 2715 28.

1048 2728 1178 2760 fruetus
1194 2729 1369 2760 Restaurati
1394 2728 1480 2758 tertii
1502 2727 1713 2759 exsolvuntur
1726 2738 1742 2757 a
1757 2727 1934 2759 Thesaura-

1137 2774 1184 2804 rio
1208 2774 1379 2804 Provincia:
1404 2772 1547 2805 Marchiae
1575 2783 1614 2803 ex
1630 2772 1802 2812 privilegio
1827 2782 1892 2812 cap.
1907 2784 1936 2804 a.

1137 2827 1225 2847 num.
1240 2830 1290 2858 371

1047 2861 1180 2893 fruetus
1193 2861 1329 2892 aliorum
1347 2860 1502 2891 Locorum
1513 2860 1674 2891 Montium
1692 2858 1903 2891 exsolvuntur
1916 2869 1933 2890 a

1133 2905 1343 2946 Depositariis
1360 2906 1579 2936 Rev.Camerae
1593 2912 1679 2935 retro
1690 2905 1798 2936 AEdem
1810 2907 1932 2935 Sacram

1133 2949 1265 2981 Pietatis
1280 2949 1398 2981 ibidem
1413 2959 1499 2981 num.
1517 2955 1566 2988 38.

1044 2993 1174 3026 fruetus
1187 2994 1343 3024 Locorum
1356 2994 1512 3025 Montium
1527 2992 1735 3029 subiectorum
1746 2991 1929 3033 Multiplico

1132 3037 1283 3068 reservari
1308 3044 1468 3079 nequeunt
1492 3039 1599 3068 favore
1616 3037 1810 3068 Executoris
1834 3037 1928 3067 testa·

1132 3081 1283 3111 mentarii
1298 3082 1358 3112 sine
1375 3081 1540 3121 Rescripto
1555 3081 1642 3120 Papa·
1653 3089 1717 3121 cap.
1733 3086 1814 3113 18.n.
1832 3091 1878 3112 ιο.

1043 3127 1172 3159 fruetus
1183 3125 1516 3160 Locorum‘Montiuin
1526 3125 1674 3157 Bononiae
1689 3125 1738 3158 vel
1753 3125 1927 3202 ειάτῳιῗηι,

1815 3180 1861 3203 VC
