2300 3547
361 200 425 265 98

313 280 360 315 27
387 263 560 301 nitatibus
587 263 607 309 >
634 269 813 311 astergata
844 262 888 297 ad
928 262 1186 309 captandumd

316 467 362 501 28

318 624 365 663 ²9

321 925 368 962 30

329 1523 373 1563 31

339 2625 383 2660 33

385 315 582 361 praemium
596 312 724 348 scutor.
740 312 896 348 duorum
913 314 973 347 vel
998 314 1115 346 trium
1134 324 1190 345 re-

386 364 566 413 gulariter
581 363 719 400 exsolui
747 362 958 397 consuetum
981 363 1023 398 ab
1041 362 1092 396 Eo
1111 387 1122 403 ,
1150 360 1192 395 ad

392 413 488 459 cujus
503 413 666 449 favorem
684 415 723 447 fit
741 412 954 459 Attergatio
966 411 1081 458 (quod
1096 412 1115 446 ‘a
1132 411 1194 451 Ju-

391 464 469 500 dice
486 474 679 510 reputatur
695 461 807 497 Causa
822 461 995 496 sufficiens
1011 462 1053 497 ad
1081 463 1192 496 inter-

389 513 605 562 ponendum
621 512 823 546 Decretum
839 521 979 546 attenta
1007 512 1169 546 utilitate
1185 535 1197 551 ‚

390 576 469 612 quae
487 575 531 598 ex
546 561 674 598 eodem
691 561 846 596 Praemio
862 560 1037 596 redundat
1057 561 1194 595 Mulie-

394 615 458 659 11)
478 611 597 659 elapso
608 622 775 657 tempore
790 614 845 646 cui
863 609 992 646 arctata
1008 612 1054 645 est
1073 610 1197 644 Atter-

391 665 491 713 gatio
520 662 614 698 Loca
642 662 832 697 Montium
865 660 987 697 denuo
1005 670 1196 695 remanent

394 713 550 750 obnoxia
579 710 698 748 eidem
715 711 877 746 Vinculo
892 711 998 746 Dotis
1012 735 1025 751 ,
1050 711 1199 756 aliisque

396 763 679 811 quibuscumque
710 761 877 796 Vinculis
891 787 904 803 ,
940 760 1066 807 quibus
1095 771 1200 794 antea

396 813 684 859 reperiebantur
699 809 818 846 affefla
831 836 843 850 ,
870 810 1004 846 nedum
1023 810 1110 863 juris
1126 810 1199 843 Mi-

396 865 542 898 nisterio
561 887 573 904 ,
586 861 644 896 sed
659 863 770 896 etiam
785 874 828 896 ex
845 858 1199 907 Conventio'nePar-

397 914 493 948 tium
509 924 585 960 quae
603 911 862 957 utplurimum
888 910 1049 957 expresse
1062 909 1128 943 hoc
1145 922 1203 955 pa-

397 961 496 998 &um
525 962 661 1008 apponi
690 971 816 997 curant
845 963 882 995 in
916 961 1165 996 Instrumento
1190 984 1204 999 ,

398 1010 707 1058 quemadmodum
722 1009 899 1055 adjecftum
915 1012 1054 1060 legitur
1069 1010 1088 1056 (
1102 1008 1204 1044 omis-

397 1062 439 1096 fis
454 1063 568 1108 aliis)
588 1063 625 1096 in
642 1062 889 1097 instrumento
906 1070 1033 1110 rogato
1048 1072 1113 1106 per
1129 1058 1203 1094 aeta

402 1111 605 1148 Lorenzini
634 1112 726 1146 Not.
744 1111 957 1157 Capitolino
981 1110 1038 1145 die
1054 1111 1111 1145 28.
1127 1109 1204 1144 Au-

398 1163 499 1212 gusti
514 1170 618 1208 1759.
633 1164 730 1196 inter
743 1161 952 1207 Olimpium
967 1160 1011 1196 de
1028 1159 1204 1194 Romanis

398 1209 1206 1261 AttergantemlocaquinqueMontisRestau-

399 1264 469 1297 rati
495 1261 634 1298 secund.
668 1260 855 1296 ereffionis
877 1274 961 1296 cum
988 1261 1134 1296 decreto
1154 1259 1206 1293 se-

402 1311 510 1348 cundi
539 1312 773 1347 Collateralis
801 1313 834 1345 &
863 1311 1060 1358 Jofiephum
1087 1309 1207 1344 Anto-

396 1364 500 1398 nium
515 1361 687 1397 Matthaei
702 1361 998 1409 Attergatarium
1012 1372 1096 1396 cum
1122 1371 1208 1395 con·

395 1413 497 1449 sensu
534 1412 650 1447 Paulae
679 1411 825 1446 Borioni
854 1410 1114 1446 Reservatariae
1135 1410 1208 1445 frw

413 1462 535 1498 ‹S’tuum
558 1461 737 1497 dictorum
754 1463 944 1497 Montium
960 1488 969 1496 .

409 1511 455 1547 Et
473 1511 495 1546 fi
514 1511 759 1547 proximiores
787 1512 1015 1547 intervenire
1041 1509 1204 1545 recusent

402 1563 628 1609 stipulationi
645 1562 881 1597 Instrumenti
895 1587 908 1603 ‚
933 1571 1018 1597 tunc
1036 1559 1207 1606 reprodu-

400 1611 455 1647 &a
483 1623 605 1647 coram
623 1612 779 1647 Notario
809 1613 1004 1659 stipulante
1030 1610 1204 1656 interpel-

399 1663 537 1698 latione
565 1673 691 1697 coutra
706 1661 851 1697 eosdem
873 1672 1053 1708 exequuta
1069 1686 1081 1702 ,
1102 1662 1137 1695 &
1151 1673 1208 1695 ac-

399 1712 518 1748 cusata
544 1714 796 1754 contumacia,
824 1712 938 1752 Judex
965 1712 1068 1747 suum
1093 1713 1208 1745 inter-

401 1763 510 1809 ponit
525 1762 714 1798 decretum
736 1763 841 1809 super
855 1761 1053 1798 Comi-atqu
1071 1762 1207 1795 Mulie-

403 1824 485 1847 rum
501 1837 512 1853 ,
540 1813 574 1846 &
590 1812 780 1847 Minorum
811 1825 882 1847 non
898 1813 1059 1847 obstante
1072 1836 1085 1851 ‚
1112 1808 1207 1856 quod

407 1861 493 1897 dieti
536 1861 781 1896 Proximiores
821 1875 893 1897 non
934 1862 1208 1897 intervenerint

407 1924 518 1959 prout
547 1911 674 1947 videre
689 1913 735 1946 est
751 1925 794 1948 ex
823 1913 1065 1947 Instroniento
1082 1920 1209 1959 rogato

408 1975 475 2008 per
503 1961 575 1997 affila
593 1962 771 1997 Vannotii
793 1962 851 1998 die
878 1966 933 1998 18.
960 1963 1052 1998 Maii
1073 1971 1180 2006 1759.
1197 1986 1210 2002 ,

406 2014 438 2047 8<
456 2011 576 2058 passim
591 2012 702 2047 alibi.
717 2011 933 2059 Antiquitus
949 2011 971 2046 st
999 2011 1209 2047 Proximior

407 2064 528 2108 aliquo
555 2061 723 2097 detentus
752 2063 1021 2109 impedimento
1049 2062 1107 2097 die
1124 2063 1211 2095 inti-

407 2124 503 2147 mata
532 2113 761 2147 intervenire
789 2125 862 2148 non
891 2123 1035 2160 poterat
1065 2112 1211 2157 stipula-

408 2164 502 2197 tioni
531 2159 766 2198 differebatur
782 2162 978 2210 Stipulatio
1002 2161 1044 2197 ad
1068 2163 1211 2197 3113111.»

408 2212 507 2247 diem
524 2212 690 2248 Panimoll.
705 2223 827 2248 annot.
853 2214 896 2247 ad
908 2213 1016 2259 Decls.
1031 2220 1134 2257 53-71·
1152 2224 1169 2258 3
1182 2225 1211 2254 1,

409 2264 604 2308 nuperinie
621 2274 709 2297 vero
723 2262 932 2309 quodAc'lus
954 2263 1025 2297 sine
1040 2262 1073 2296 d.
1089 2260 1214 2297 Proxi-

409 2313 536 2348 mioris
564 2314 781 2349 interventu
807 2313 1017 2348 sustineatur
1045 2311 1214 2347 (111111Εο-

409 2372 473 2404 ta,
500 2361 675 2397 scribente
704 2375 761 2398 me
788 2364 823 2398 in
852 2363 1063 2410 Senogalll'en.
1083 2360 1212 2396 Cambii

410 2414 447 2446 6.
473 2413 564 2447 Maii
596 2414 702 2460 1763.
717 2413 745 2459 §
760 2414 803 2447 Et
830 2416 953 2449 nullius
979 2425 1042 2447 cor.
1068 2411 1108 2446 R.
1124 2412 1156 2446 P.
1173 2419 1214 2446 D.

413 2464 559 2498 Mmelli
574 2488 583 2496 .

460 2512 497 2546 Si
513 2512 888 2548 veroLocaMontium
900 2511 1110 2561 atterganda
1121 2523 1214 2547 com·

410 2560 633 2609 possidentur
653 2562 672 2595 ‘a
697 2563 833 2599 duobus
848 2563 948 2598 sociis
962 2589 974 2603 ,
1003 2563 1185 2598 tratribus
1202 2566 1218 2603 ‚'

413 2612 593 2648 Affinibns
621 2614 688 2648 &c-
701 2617 739 2647 in
755 2613 900 2657 filidum
937 2612 1077 2647 tametsi
1094 2613 1213 2648 videa·

412 2673 473 2698 tur
489 2662 701 2698 necessarius
727 2662 912 2698 consensus
940 2662 1124 2708 utriusque
1141 2662 1214 2697 Pos-

410 2712 544 2748 sessoris
560 2738 572 2754 ,
598 2725 710 2759 quum
734 2713 902 2759 Uterque
930 2712 1056 2747 habeat
1075 2716 1111 2747 in
1128 2723 1212 2759 pro-

409 2764 569 2809 prietate
586 2763 644 2799 dd.
661 2764 843 2798 Locorum
872 2763 1060 2797 Montium
1078 2762 1213 2809 aequale

411 2813 579 2847 interesse
595 2840 606 2855 ‚
633 2816 804 2860 nullaque
830 2822 949 2859 pateat
966 2814 1058 2847 ratio
1072 2826 1134 2848 cur
1150 2825 1213 2859 po-

412 2864 483 2897 tius
513 2863 592 2897 talis
619 2865 803 2898 consensus
838 2863 1055 2908 praestandus
1095 2862 1135 2897 fit
1170 2863 1213 2897 ab

409 2910 498 2947 Uno
512 2937 525 2953 ‚
539 2924 645 2958 quam
660 2912 702 2947 ab
717 2914 834 2947 altero
853 2912 1037 2947 possessore
1049 2938 1061 2954 ,
1075 2912 1213 2947 nihilo·

411 2972 535 2996 tamen
552 2964 669 2997 minus
695 2961 765 2997 duo
794 2960 960 2995 hatsteniis
975 2964 1212 3007 exequutioni

412 3013 594 3048 commissa
607 3012 687 3047 sunt
704 3011 873 3047 Mandata
888 3011 1031 3046 secundi·
1048 3011 1210 3048 Collate-

414 3061 497 3095 ralis
526 3064 683 3097 alterum
710 3061 926 3108 expeditum
949 3070 1011 3106 per
1034 3063 1105 3094 ιιὲῖιι
1122 3062 1210 3096 Seria·

413 3112 551 3144 Notarz'i
575 3113 679 3158 Burgi
693 3113 761 3158 sub
785 3125 859 3147 ann.
887 3119 993 3156 1755.
1015 3111 1209 3146 &alterum

399 3159 472 3207 sub
486 3173 602 3197 annum
621 3165 725 3207 1758.
734 3171 798 3209 per
812 3163 883 3198 aesia
900 3162 1105 3210 Parmegmi
1123 3161 1210 3197 Not.

627 191 935 248 CAPVT
978 191 1434 259 DECJMVM*
1462 191 1840 245 NONVM.

1362 263 1570 308 Lapitolini
1585 288 1597 303 ,
1623 263 1751 307 quibus
1778 260 1991 297 demandata
2019 262 2065 296 est
2094 261 2162 296 At—

1367 313 1526 360 tergatio
1550 312 1731 346 Locorum
1755 313 1944 346 Montium
1970 311 2164 346 accedente)

1363 370 1491 394 tantum
1507 360 1659 406 Coiffenfiae
1677 363 1780 395 Unizcs
1795 373 1837 395 ex
1854 361 1991 397 duobus
2008 360 2168 396 Poffesso-

1365 411 1463 445 ribus
1478 421 1618 445 attenta
1634 411 1782 456 praefata
1793 411 1964 446 Clausula
1983 411 2164 457 inscilidum

1365 473 1439 495 non
1455 460 1618 495 obstante
1634 486 1645 500 ,
1660 460 1753 505 quod
1769 461 1846 510 Ego
1861 475 1927 507 pro
1944 463 2100 496 veritate
2116 474 2169 496 re-

1363 509 1515 556 quifitus
1531 509 1573 544 de
1588 510 1686 544 Voto
1704 512 1813 545 etiam
1829 513 1993 557 plurium
2006 510 2168 546 Advoca-

1367 570 1492 595 torum
1506 559 1613 605 super
1628 559 1695 594 hoc
1711 560 1843 606 punfio
1860 562 2113 597 consultorum
2128 563 2166 596 in

1367 609 1745 644 contrarium-senium
1759 610 1911 645 abierim
1928 638 1937 645 .

1295 670 1341 708 34
1368 659 1413 693 Et
1443 658 1530 694 sicut
1557 658 1759 694 Vinculum
1783 659 1910 695 eodem
1938 660 2071 702 modo,
2096 672 2166 706 quo
2191 654 2194 656 v

1367 710 1518 756 ponitur
1533 733 1546 750 ,
1559 708 1753 744 disolvitur
1768 734 1781 749 ,
1807 711 1856 744 ita
1869 709 2071 746 Vinculum
2099 711 2169 746 At-

1369 760 1583 807 tergationis
1611 758 1800 793 dirimitur
1819 760 1993 795 Mandato
2009 760 2140 799 Judicis
2153 787 2165 802 ‚

1368 810 1527 845 &semel
1555 815 1698 844 tantum
1722 811 1873 850 evenit,
1899 820 1938 844 ut
1964 809 2168 845 Vinculum

1297 871 1342 908 35
1370 858 1582 906 praediehmi
1598 859 1825 904 diremptum
1853 859 1968 895 fuisset
1989 860 2167 905 rescripto

1371 909 1417 943 R.
1444 909 1481 944 P.
1510 909 1558 943 D.
1574 908 1642 943 Pro
1674 920 1840 955 tempore
1864 909 2093 946 Thesaurarii
2110 910 2168 945 die

1375 969 1429 993 12.
1456 959 1617 999 Januarii
1647 959 1752 1005 1762.
1781 960 1917 994 tenoris
1944 961 2121 1006 sequentis
2143 986 2170 1002 „

1301 1012 1347 1057 36
1375 1010 1406 1043 11
1422 1009 1554 1057 Signor
1574 1009 1892 1044 Amniinistratore
1906 1009 2086 1044 Generale
2104 1022 2167 1055 po-

1374 1059 1428 1094 trit
1454 1058 1654 1094 cancellare
1687 1060 1716 1092 il
1731 1058 1889 1094 Vincolo
1903 1059 2169 1108 dell’Atterga-

1374 1109 1632 1154 zioneapposto
1643 1121 1660 1143 a
1672 1109 1796 1143 favore
1806 1107 1901 1144 della
1914 1108 1958 1143 R.
1973 1109 2016 1144 C.
2031 1109 2170 1155 A.pur··

1370 1157 1782 1207 cliedagliAppaltatori
1793 1158 2041 1207 dellaDogana
2050 1159 2170 1195 deipa-

1375 1211 1548 1244 trimonio
1561 1208 1811 1256 sisurroghino
1829 1211 1898 1244 alla
1908 1209 2001 1244 stessi
2012 1219 2170 1256 atterga-

1375 1261 1481 1294 zione
1494 1260 1680 1293 altretanti
1695 1258 1839 1307 Luoghi
1851 1259 2032 1294 de‘Monti
2048 1258 2081 1293 S.
2098 1259 2170 1294 Pie-

1375 1320 1433 1344 tro
1444 1321 1461 1343 a
1472 1309 1596 1343 favore
1606 1308 1700 1343 della
1713 1307 1757 1343 R.
1768 1312 1811 1344 U.
1828 1308 1952 1343 Liberi
1962 1309 2004 1343 da
2019 1311 2104 1357 ogni
2119 1311 2170 1344 al·

1376 1370 1434 1394 tro
1447 1357 1635 1393 Vincolo:
1645 1357 1727 1393 dato
1737 1358 1830 1393 dalla
1840 1361 1956 1393 nostra
1969 1358 2170 1394 Residenza

1376 1408 1413 1444 di
1431 1409 1555 1443 Monte
1571 1407 1716 1442 Citorio
1733 1410 1759 1443 11
1780 1420 1832 1444 12.
1847 1408 2020 1443 Gennaro
2039 1408 2171 1456 1762„

1376 1460 1512 1494 Saverio
1529 1457 1653 1493 Canale
1671 1456 1831 1504 ‘IZsbrtere
1846 1457 1998 1494 Generale
2012 1485 2020 1493 .

1428 1508 1565 1543 Eodem
1582 1507 1689 1543 modo
1702 1534 1715 1549 ,
1729 1521 1797 1554 quo
1814 1509 1931 1555 elapso
1947 1519 2117 1555 tempore
2128 1507 2172 1544 ad

1375 1559 1643 1594 restitutionem
1669 1558 1782 1594 Sortis
1804 1558 1947 1596 Cambii
1969 1561 2172 1605 praestituto

1376 1609 1478 1644 cessat
1508 1608 1722 1657 Attergatio
1751 1608 1931 1644 Locorum
1948 1610 2172 1645 Montium-2
2222 1621 2227 1626 ’

1377 1659 1687 1706 hypotecatorum
1713 1660 1975 1706 prosecuritate
2002 1658 2171 1694 Credito-

1378 1711 1425 1744 ris
1453 1709 1608 1754 ejusdem
1637 1709 1789 1744 Cambii
1804 1711 1838 1744 ὃ(
1865 1709 1958 1744 Loca
1983 1710 2172 1744 Montium

1378 1761 1515 1794 iterum
1530 1759 1676 1804 subjee‘la
1692 1771 1882 1794 remanent
1907 1761 1979 1794 illis
1994 1760 2147 1794 vinculis
2161 1784 2176 1800 ‚

1376 1810 1536 1855 aquibus
1551 1809 1700 1851 Officio,
1725 1811 1759 1844 &
1784 1808 2012 1844 Austoritate
2040 1808 2174 1844 Praeto-

1378 1862 1424 1894 ris
1451 1858 1604 1895 durante
1627 1858 1826 1894 Contraetu
1853 1859 2032 1894 Cambiali
2059 1859 2174 1894 soluta

1378 1910 1480 1945 fuere
1493 1935 1505 1951 ,
1521 1909 1564 1944 slc
1581 1909 1639 1945 ubi
1655 1910 1749 1945 Loca
1763 1911 1952 1945 Montium
1971 1909 2050 1943 sunt
2065 1919 2174 1944 atter⁴

1380 1971 1460 2009 gata
1473 1959 1767 2006 propatrimonio
1777 1960 1874 1995 sacro
1885 1958 1978 2006 quod
1990 1960 2106 2008 exigit
2118 1971 2176 1994 an-

1309 2024 1354 2059 37
1382 2022 1495 2045 nuum
1511 2009 1704 2044 fruerarum
1717 2008 2033 2058 scut.60.quodque
2048 2010 2176 2043 consti-

1380 2059 1554 2095 tuendum
1570 2062 1615 2095 est
1632 2058 1833 2094 indistiniste
1847 2058 1866 2092 'a
1882 2060 2003 2106 quavis
2021 2058 2174 2095 Persona

1379 2120 1417 2145 111
1433 2121 1587 2157 cumque
1602 2112 1638 2144 in
1654 2109 1833 2159 dignitate
1855 2111 2046 2144 constituta
2061 2135 2073 2150 ‚
2097 2119 2176 2155 quae

1381 2162 1594 2206 promoveri
1620 2160 1713 2194 velit
1737 2159 1778 2194 ad
1802 2159 1936 2200 sacros,
1961 2160 1995 2194 &
2026 2158 2173 2193 Praesbi-

1307 2213 1351 2257 38
1382 2221 1515 2245 teratus
1534 2208 1837 2251 ordines‚eadein
1865 2209 1959 2243 Loca
1986 2209 2176 2243 Montium

1378 2260 1542 2295 dissoluta
1569 2270 1758 2295 remanent
1787 2259 1830 2294 ab
1845 2260 1946 2294 omni
1962 2271 2058 2294 nexu
2074 2254 2176 2293 Obli-

1379 2310 1532 2359 gationis
1548 2335 1558 2350 ‚
1580 2311 1613 2343 &
1631 2309 1900 2357 Attergationis
1914 2309 2025 2343 semel
2041 2321 2079 2344 ac
2098 2308 2178 2342 Pro-

1380 2370 1499 2395 motus
1513 2359 1556 2394 ad
1568 2360 1679 2394 sacros
1695 2360 1849 2396 Ordines
1876 2358 2039 2405 provisus
2065 2359 2176 2394 fuerit

1378 2410 1567 2445 sufficienti
1584 2409 1764 2445 Beneficio
1780 2408 2023 2443 Ecclesiastico
2036 2433 2047 2449 ,
2060 2419 2174 2443 atten-

1379 2470 1415 2495 ta
1430 2460 1672 2495 declaratione
1696 2471 1772 2506 quae
1794 2460 2015 2505 plerumque
2032 2458 2111 2493 fieri
2125 2458 2177 2492 so·

1380 2511 1433 2545 let
1448 2511 1485 2544 in
1503 2510 1748 2544 Instrumento
1769 2533 1781 2549 ,
1807 2510 1839 2542 &
1856 2506 2052 2553 respeistive
2067 2519 2177 2554 oppo-

1381 2562 1419 2594 ni
1436 2571 1512 2594 tum
1537 2561 1574 2594 in
1598 2558 1733 2594 Codice
1748 2559 1954 2593 Secressariae
1978 2568 2177 2603 nuncupat.

1380 2611 1544 2645 Brolitzrdo
1559 2634 1570 2649 ,
1583 2621 1694 2655 quum
1721 2610 1757 2644 in
1775 2608 1876 2643 dorso
1904 2609 2096 2643 literarum
2113 2605 2174 2641 Pa-

1384 2661 1542 2694 rentium
1571 2661 1706 2694 tenoris
1719 2660 1897 2706 sequentis
1922 2657 1980 2693 seu
1996 2660 2080 2693 alias
2097 2669 2179 2692 mu-

1383 2710 1465 2746 tatis
1483 2709 1666 2744 mutandis
1682 2736 1691 2744 .

1430 2785 1457 2801 ,,
1484 2759 1555 2794 Die
1568 2771 1601 2804 7.
1617 2760 1759 2805 Aprilis
1776 2757 1972 2804 1736.:1ib.
1991 2767 2046 2800 15.
2061 2756 2095 2791 S.
2112 2755 2176 2792 Pe-

1379 2835 1406 2852 „
1431 2810 1478 2844 tri
1495 2822 1528 2856 7.
1544 2809 1741 2844 Erthionis
1757 2810 1820 2843 fol.
1843 2808 1923 2842 160.

1311 2871 1358 2905 39
1381 2886 1405 2900 „
1434 2859 1567 2895 Ulmus
1584 2861 1616 2894 &
1636 2859 1751 2894 Rr'hus
1768 2859 1813 2892 D.
1831 2857 1878 2892 N.
1896 2857 1943 2892 N.
1957 2856 2090 2893 fruRus
2106 2855 2177 2889 Lo-

1379 2935 1405 2951 „
1430 2922 1555 2944 corum
1584 2910 1771 2944 Montium
1801 2919 1858 2942 20.
1872 2908 1914 2942 ad
1952 2908 2073 2954 Ipsum
2100 2905 2170 2950 spe-

1379 2985 1403 3000 „
1430 2960 1552 3003 ‹stan.(
1568 2960 1681 2993 firmis
1697 2959 1968 2994 remanentibus
1986 2956 2149 2991 Vinculis
2164 2980 2176 2995 ,

1380 3034 1405 3051 „
1431 3008 1726 3049 Conditionibus.
1740 3011 1772 3043 &
1789 3007 2092 3056 Obligationibus³
2106 3005 2179 3049 qui-

1380 3085 1405 3101 „
1429 3058 1491 3094 bus
1509 3060 1743 3104 reperiuntur
1759 3059 1910 3094 ulterius
1921 3056 2095 3105 obligavit
2108 3054 2178 3100 hy-

1383 3135 1407 3150 „
1434 3110 1644 3156 potecavit,
1671 3110 1703 3143 &
1731 3109 1926 3157 attergavit
1953 3104 1994 3140 ad
2014 3106 2176 3139 favorem

1380 3185 1404 3204 „
1428 3172 1497 3207 pro
1510 3159 1606 3196 sacro
1623 3158 1844 3195 patrimonio
1866 3167 2045 3192 annorum
2059 3153 2102 3188 sc.
2116 3156 2177 3190 60.

1995 3230 2024 3248 ‚,
2051 3215 2124 3239 mo-
