2300 3547
124 2138 148 2172 7

642 192 934 251 CAPUT
979 189 1364 251 SEXTIIM.

168 268 275 314 nsque
296 266 340 302 ad
364 273 499 297 annum
518 263 627 308 1748.
642 260 898 304 administratio
918 267 974 301 di-⁴

172 318 307 352 &arum
330 313 611 348 Secretariarum
639 312 753 348 fuisset
780 315 931 351 concessa
949 316 969 349 'a

176 367 333 402 Summis
349 362 595 404 Pontificibus,
610 363 670 398 vel
686 362 895 406 Advocatis,
908 368 970 401 vel

180 416 348 462 Egregiis
373 413 472 447 Sacri
488 412 611 447 Palatii
628 412 826 459 Apostolici
840 414 969 451 Causa-

169 477 253 502 rum
268 465 431 500 Patronis
458 462 501 498 de
516 462 686 510 Collegio
713 468 747 499 in
765 467 970 510 praecedenti

172 515 254 561 Cap.
271 514 441 551 indicatos
455 539 469 555 ,
495 523 650 549 attamen
678 516 779 550 nulla
808 517 890 563 lege
906 527 969 552 aut

168 565 436 601 Constitutione
471 575 616 600 cavetur
642 591 655 605 ,
694 565 970 602 Administrato-

170 628 249 652 rem
286 613 504 664 praedicftum
533 616 718 650 necessario
744 616 970 663 seligendum

169 667 236 702 effe
263 664 282 701 ἔι
309 664 423 700 Classe
441 664 711 700 Advocatm·um
727 691 740 706 ,
765 667 822 701 seu
840 666 971 701 Procu-

171 728 333 752 ratorum
348 714 390 750 de
403 715 573 762 collegio
587 742 596 750 .
627 715 706 750 Imo
722 717 971 763 izltinmsstasus

165 766 382 803 demonstrat
416 767 523 801 talem
551 766 855 801 admisti-ationem
872 765 971 802 fuisse

172 817 329 853 delatam
344 817 391 852 D.
407 816 602 851 Dominico
631 815 859 863 Calfamiglia
873 842 885 858 ,
911 819 971 864 qui

170 869 286 904 solum
301 866 408 902 modo
421 879 486 912 per
502 868 636 914 aliquot
651 879 762 902 annos
776 866 898 923 Quriae
914 869 968 902 in-

172 917 359 954 cumbebat
399 916 463 951 cei]
505 918 706 952 luculenter
747 927 896 963 apparet
925 930 971 954 ex.

171 967 432 1015 Chirographo
460 966 651 1002 Pontificio
675 970 860 1014 registrato
876 969 911 1003 in
928 969 971 1002 li-

172 1021 237 1055 bro
254 1017 517 1065 signaturarum
533 1029 597 1062 per
619 1017 691 1052 aeta
706 1017 896 1053 Castellani
908 1044 920 1059 ,
932 1021 969 1053 in

172 1080 242 1116 quo
262 1069 398 1117 legitur
414 1093 440 1108 ,,
466 1067 820 1112 Riprometttendoci
848 1069 970 1103 altresi

176 1145 201 1161 ,,
226 1119 292 1154 che
320 1119 345 1152 il
373 1121 560 1154 nominato
577 1117 782 1153 Domenico
804 1117 972 1153 Calsami-

171 1197 196 1212 „
224 1170 297 1218 glia
312 1181 377 1214 per
393 1180 477 1205 aver
493 1169 568 1213 egli
581 1166 623 1201 da
638 1169 742 1202 molti
757 1170 838 1203 anni
853 1167 871 1201 ‘a
887 1180 971 1214 que-

171 1246 196 1262 ,,
222 1224 266 1254 sta
297 1228 395 1263 parte
421 1218 592 1266 seguitata
608 1219 642 1252 la
670 1217 831 1254 Romana
857 1218 971 1253 Curia.

172 1295 198 1312 ,,
221 1268 296 1304 str'a
326 1281 391 1315 per
419 1269 607 1305 eset-citare
623 1269 718 1304 detta
732 1269 860 1304 Carica
875 1270 971 1305 colla

171 1346 196 1362 ‚‚
222 1320 355 1355 dovuta
372 1318 568 1367 Vigilanza
582 1345 606 1361 ,‚
634 1319 740 1354 hodie
756 1331 844 1354 vero
869 1322 971 1367 vigo-

172 1383 211 1405 re
241 1370 364 1404 Brevis
391 1369 530 1417 Summi
560 1369 758 1417 Regnantis
788 1369 972 1405 pontificis

173 1420 438 1456 CEMENTIS
462 1420 572 1457 XIII.
588 1421 902 1465 incipien-Superni
918 1422 971 1454 di-

158 1471 335 1517 sjmsttione
360 1469 492 1518 Cotfilij
509 1470 592 1506 editi
607 1470 701 1515 apud
715 1469 874 1505 Sant‘tam
892 1471 972 1505 Ma-

172 1524 262 1556 riam
277 1521 456 1566 Majorem
470 1524 524 1556 die
542 1533 599 1568 30.
617 1523 742 1555 Martii
774 1521 880 1566 1765.
896 1533 972 1555 cau-

172 1583 249 1607 tum
264 1573 311 1606 est
327 1571 456 1609 dietam
480 1574 667 1608 Montium
684 1571 971 1606 Administratio-

172 1634 255 1657 nem
271 1621 501 1658 deferendam
514 1622 579 1658 effe
593 1622 698 1657 alicui
709 1634 752 1657 ex
764 1620 972 1656 Curialibus

184 1673 228 1707 de
249 1672 420 1720 Collegio
438 1700 447 1709 .

174 1724 310 1759 Munus
324 1724 634 1760 Administratoris
661 1722 703 1758 ad
723 1723 858 1757 sensum
875 1721 973 1757 Card.

171 1774 209 1806 de
237 1775 318 1808 Luc.
333 1775 370 1808 de
384 1775 443 1809 loc.
461 1784 556 1809 mont.
571 1774 650 1820 Cap.
668 1772 774 1818 2.]Ξώ
803 1786 834 1807 n.
855 1785 909 1807 10.
924 1773 974 1807 est

174 1825 411 1867 periculosum
427 1850 438 1865 ‚
464 1827 498 1859 ὃς
527 1825 705 1860 lucrosum
722 1850 730 1858 .
759 1822 970 1858 Periculum

173 1874 220 1907 est
247 1875 452 1922 innegabile
481 1885 559 1909 tum
587 1872 740 1919 inspesta
767 1876 974 1915 materia-2,

173 1925 210 1957 in
229 1936 294 1970 qua
319 1924 460 1959 fraudes
488 1924 610 1960 dietim
627 1935 817 1970 emergere
837 1935 973 1970 queunt

172 1974 210 2008 in
224 1975 550 2021 supplantationem
566 1973 787 2008 Exterorum
805 1999 817 2015 2
843 1975 975 2009 Mulie-

173 2036 255 2059 rum
269 2051 282 2066 ,
306 2024 534 2072 pupillorum
550 2051 562 2066 ,
575 2023 814 2059 Ecclefiarum
828 2048 840 2064 ,
854 2026 887 2060 &
905 2024 975 2058 Lo-

173 2087 298 2110 corum
329 2075 475 2112 Piorum
501 2073 752 2122 possidentium
770 2074 845 2108 loca
872 2087 974 2110 mon-

177 2127 266 2160 tium
283 2129 439 2174 ingentis
455 2128 588 2162 valoris
602 2152 614 2167 ,
628 2137 738 2171 quum
755 2123 904 2170 speftata
920 2128 974 2159 in-

173 2174 327 2223 dagine,
355 2179 389 2212 δέ
411 2179 512 2222 copia
543 2179 774 2211 materiarum
802 2174 843 2209 ab
858 2177 977 2209 omni-

173 2225 235 2261 bus
252 2227 362 2262 Urbis
377 2227 634 2262 Tribunalibus
651 2252 661 2267 ,
682 2239 725 2261 ne
743 2237 896 2270 excepto
911 2225 976 2259 illo

173 2277 314 2322 quidem
345 2277 530 2313 Auditoris
548 2276 648 2312 ssffii
666 2302 677 2318 ,
705 2279 876 2310 continuo
905 2274 977 2310 Ad-

176 2328 405 2361 ministratori
419 2327 685 2363 commissarum
701 2353 712 2368 ,
739 2327 866 2372 quibus
881 2337 977 2360 acce-

172 2375 262 2410 dunt
278 2375 534 2420 Dispositiones
562 2378 856 2411 Testamentariae
880 2388 978 2409 man-

173 2425 252 2460 dam
267 2426 309 2461 de
324 2425 492 2468 delendo,
504 2427 677 2461 Examina
694 2426 855 2459 Testium
872 2427 977 2470 super

175 2475 274 2510 obitu
303 2477 583 2518 Montistarum,
612 2475 783 2510 Mandata
811 2475 977 2511 Procurae

177 2538 257 2561 cum
284 2526 564 2564 solemnitatibus
591 2527 979 2566 statutariis,nomiua-

177 2579 290 2611 tiones
319 2578 360 2613 ad
389 2577 674 2624 Cappellanias,
703 2577 978 2611 Instrumenta.)

177 2627 473 2664 Tranffifflonum
487 2654 498 2670 ,
526 2629 661 2673 aliaque
680 2639 742 2670 per
758 2625 889 2661 dictum
907 2626 978 2661 Ad-

178 2680 457 2715 ministratorem
498 2678 623 2713 dietim
660 2677 906 2721 perlustranda
936 2677 978 2710 li-

180 2728 311 2764 branda
325 2755 336 2771 ,
374 2732 408 2764 8<
445 2727 651 2775 exequenda
668 2755 676 2762 .
708 2727 859 2762 fallitur
890 2740 978 2761 vero

178 2778 271 2814 (λιι-(Ι.
285 2781 322 2813 cle
339 2781 427 2814 Luca
444 2808 454 2822 ‚
470 2782 506 2814 in
521 2791 564 2813 eo
580 2776 673 2823 quod
690 2779 800 2812 refert
815 2780 905 2811 circa
925 2778 979 2810 lu-

178 2840 302 2870 crum3
327 2830 424 2876 Qid
450 2830 534 2878 quid
561 2830 658 2863 enim
687 2828 769 2863 esset
795 2826 838 2861 de
868 2837 960 2861 tem-

180 2890 268 2923 pore
295 2892 362 2926 quo
390 2881 575 2916 Scretariae
604 2880 781 2914 montium
815 2877 978 2912 locaban-

179 2940 236 2964 tur
253 2928 310 2963 sub
324 2943 503 2967 conventa
518 2941 614 2965 certa
631 2927 858 2974 responsione
882 2929 978 2962 favo-

180 2992 220 3014 re
259 2978 476 3018 Reverendae
510 2981 674 3016 Gamerae
705 3006 717 3021 ,
758 2990 835 3027 quae
872 2990 976 3012 num-

182 3041 287 3076 quam
315 3031 454 3066 excessit
479 3032 652 3066 summam
683 3030 766 3064 scut.
784 3039 895 3071 5500.
913 3040 975 3062 cen

180 3084 216 3114 εἰ]
232 3082 406 3125 superiori
431 3089 503 3125 cap.
536 3080 755 3126 perspetflum
785 3082 831 3113 est
861 3095 870 3118 3
910 3090 976 3124 qua

182 3131 353 3173 dempta>
389 3142 480 3166 totus
511 3131 682 3169 Introitus
709 3131 852 3165 cedebat
880 3141 976 3162 com-

184 3179 290 3217 modo
306 3180 590 3218 Secretariorum
606 3206 618 3221 ,
647 3184 688 3218 de
703 3182 827 3227 quibus
844 3179 974 3215 Antio-

1060 275 1102 298 10

1065 831 1104 855 11

1067 1083 1111 1107 12

1069 2342 1110 2376 13

1131 277 1206 299 rem
1224 264 1438 309 praedictum
1454 264 1614 301 locutum
1631 269 1727 306 fniss‘e
1743 219 1927 315 pungitis,

1132 324 1257 359 utpote
1284 318 1344 361 qui
1370 315 1506 360 scripsit
1532 317 1593 351 sub
1618 316 1829 355 Pontificatu
1851 322 1926 358 Ven.

1132 366 1315 399 Itmocentii
1339 366 1399 402 XI.
1422 365 1520 411 cujus
1555 377 1631 400 erat
1667 370 1929 407 emeritiffimus

1132 413 1290 450 Auditor
1307 441 1319 457 ‚
1344 416 1387 451 de
1401 429 1470 462 quo
1491 427 1656 461 tempore
1670 419 1830 454 nondum
1845 434 1928 456 eve-

1131 477 1234 500 nerat
1259 464 1444 511 deputatio
1468 466 1803 510 Administratoris,
1825 483 1930 515 quae,

1133 526 1171 550 ut
1198 517 1383 551 innuimus
1414 519 1557 553 initium
1580 518 1683 553 duxit
1710 518 1768 553 sub
1794 531 1930 557 annum

1138 577 1208 613 170
1219 579 1248 601 1.
1266 577 1439 613 regnante
1455 567 1614 603 Clemente
1629 568 1688 602 ΡΡ.
1704 570 1766 605 XI.
1782 569 1861 604 Hoc
1893 583 1930 604 u-

1134 628 1223 651 num
1239 628 1380 652 certum
1399 620 1691 666 manifestumque
1706 621 1774 661 est,
1794 619 1930 656 dietum

1132 668 1277 702 lucrum
1306 669 1485 704 verificari
1511 681 1579 704 non
1610 669 1701 714 posse
1727 670 1840 716 quoad
1856 671 1930 705 Ad-

1135 719 1391 753 ministratores
1404 744 1416 760 2
1439 720 1498 766 qui
1527 732 1599 755 non
1615 718 1745 755 habent
1760 723 1930 767 pinguius

1134 766 1430 815 affignamentum
1455 781 1562 816 quam
1582 771 1625 805 sc.
1643 780 1701 813 50.
1717 772 1752 805 in
1770 770 1931 818 singulos

1136 819 1305 861 Menses,
1340 832 1384 854 ex
1411 832 1481 866 quo
1507 820 1762 856 detrahendam
1791 834 1930 867 quoque

1134 870 1182 903 est
1210 870 1432 904 menstruum
1461 870 1637 906 Salarium
1664 872 1844 906 scutorum
1871 870 1932 906 de-

1135 930 1212 953 cem
1230 932 1296 964 pro
1311 919 1488 956 Auditore
1502 947 1515 962 ,
1542 922 1599 956 seu
1629 921 1768 960 Juvene
1782 924 1933 955 omnino

1133 971 1324 1004 necessario
1339 972 1375 1005 in
1395 972 1457 1005 tali
1476 984 1624 1006 munere
1638 997 1651 1013 ,
1676 972 1770 1018 quod
1786 972 1934 1020 impleri

1132 1020 1215 1053 sane
1230 1021 1353 1065 nequit
1368 1032 1433 1065 per
1449 1022 1563 1056 solum
1578 1021 1934 1061 Administratorem3

1139 1069 1203 1103 hac
1230 1070 1433 1114 praelertim
1474 1073 1704 1115 tempestate,
1730 1084 1804 1116 qua,
1823 1072 1934 1116 pluri-

1135 1132 1237 1154 mum
1251 1131 1482 1156 accreverunt
1498 1120 1607 1156 Αᾶυς
1624 1120 1934 1168 Resignationum‚

1135 1168 1434 1217 Attergationum
1460 1197 1473 1212 ,
1512 1170 1786 1218 Obligationum
1811 1196 1824 1211 ,
1850 1170 1934 1205 Ces-

1136 1219 1275 1254 fionum
1301 1220 1508 1262 fruc‘luum>
1536 1220 1841 1257 Retroceffionum
1858 1247 1870 1262 ,
1896 1221 1931 1255 ὅτ.

1135 1268 1358 1306 deletionum
1373 1273 1600 1306 vinculorum
1626 1272 1722 1317 juxta
1737 1271 1930 1316 depositio-

1138 1332 1223 1355 nem
1247 1320 1417 1357 officialis
1443 1322 1570 1357 Sanffl's
1597 1325 1721 1370 Jaquet
1736 1321 1777 1357 ad
1802 1325 1932 1356 initan-

1137 1372 1223 1405 tiam
1260 1373 1399 1416 praefati
1427 1371 1577 1407 Domini
1605 1372 1788 1407 Dominici
1816 1371 1936 1406 Calfa-

1137 1421 1263 1466 miglia
1278 1420 1485 1466 producstam
1503 1435 1567 1468 per
1597 1422 1669 1457 afta
1684 1424 1858 1457 salvatori
1875 1433 1933 1455 co-

1139 1482 1213 1505 ram
1234 1470 1347 1506 Hlffio
1365 1471 1401 1507 P.
1413 1472 1461 1508 D.
1477 1474 1518 1508 de
1535 1472 1689 1508 Vecchis
1704 1472 1852 1508 Clerico
1868 1473 1935 1506 Ca.

1138 1533 1248 1556 merae
1276 1521 1318 1559 de
1347 1524 1465 1557 mense
1488 1524 1710 1558 Novembris
1725 1526 1807 1558 anni
1829 1533 1937 1568 1757.

1142 1574 1280 1606 tenoris
1306 1573 1478 1618 sequentis
1492 1598 1516 1613 2,
1539 1573 1680 1618 Dippih
1695 1575 1818 1608 attesto
1834 1584 1939 1607 come

1139 1648 1164 1665 ,,
1191 1620 1329 1656 avendo
1355 1624 1439 1657 satta
1455 1624 1588 1657 ricerca
1602 1625 1659 1656 nei
1688 1624 1772 1656 libri
1787 1621 1937 1656 dell'en-
1959 1665 1962 1668 ἢ

1139 1698 1164 1714 ,,
1190 1682 1281 1707 trata
1309 1672 1344 1707 di
1360 1671 1462 1707 Cassa
1489 1672 1547 1708 del
1577 1674 1698 1718 primo
1727 1670 1939 1707 Novembre

1140 1748 1165 1764 2,
1196 1721 1340 1768 1701.‘*a
1368 1722 1617 1758 tutt'Ottobre
1649 1723 1820 1758 1602.ho
1837 1724 1939 1756 ritro-

1138 1798 1165 1816 „
1190 1784 1273 1807 vato
1299 1774 1365 1809 che
1392 1775 1425 1809 la
1461 1773 1621 1820 quantita
1655 1772 1835 1821 degl'Atti
1873 1773 1938 1807 ἃς.

1138 1848 1165 1865 ,,
1191 1822 1666 1870 dentrol’indicato,tempo
1683 1825 1791 1859 ascese
1815 1824 1848 1858 al
1875 1835 1939 1856 nu-

1139 1899 1166 1915 „
1193 1886 1294 1908 mero
1310 1874 1345 1910 di
1367 1886 1474 1921 1523.
1492 1901 1503 1917 2
1523 1887 1541 1909 e
1556 1877 1622 1910 che
1637 1878 1673 1910 in
1690 1876 1737 1910 tal
1754 1872 1938 1909 numero&

1139 1948 1165 1965 2,
1192 1924 1349 1971 quantita
1377 1925 1399 1960 fi
1419 1935 1656 1961 mantennero
1669 1924 1704 1960 di
1719 1937 1811 1960 anno
1826 1926 1861 1958 in
1878 1935 1938 1956 an-

1139 1998 1166 2016 „
1191 1987 1238 2009 no
1266 1974 1340 2011 fino
1366 1975 1771 2012 all'Amministrazioue
1798 1973 1856 2008 del
1886 1972 1940 2006 Si·-

1139 2049 1165 2067 2,
1191 2037 1284 2073 gnor
1320 2027 1497 2062 Boschetti
1522 2055 1531 2062 .
1570 2026 1723 2061 Ritrovo
1765 2025 1826 2068 poi
1852 2023 1939 2057 dalli

1140 2100 1165 2118 ‚‚
1192 2075 1343 2111 suddetti
1370 2077 1480 2117 libri³
1506 2076 1573 2110 che
1601 2078 1637 2110 in
1665 2085 1787 2119 tempo
1803 2071 1942 2108 dell'o-

1140 2149 1166 2167 2,
1191 2124 1316 2160 dierno
1331 2126 1485 2173 Signore
1500 2125 1819 2160 Amministratore
1831 2149 1844 2164 ,
1861 2121 1939 2156 cioe

1138 2199 1163 2218 a,
1189 2175 1379 2223 d311748.*a
1396 2177 1511 2223 questa
1526 2186 1627 2221 parte
1642 2176 1693 2222 gli
1709 2174 1789 2210 Atti
1805 2173 1943 2219 predet-

1139 2250 1165 2267 ,,
1192 2227 1217 2260 ti
1235 2225 1257 2259 sl
1286 2228 1371 2261 sono
1406 2229 1602 2261 nument-ati
1628 2226 1760 2261 d'anno
1788 2228 1824 2259 in
1847 2233 1941 2258 anno

1139 2301 1163 2317 ,,
1191 2277 1308 2311 molto
1325 2276 1387 2321 piii
1402 2304 1415 2319 2
1440 2289 1542 2312 come
1557 2278 1734 2322 apparisce
1749 2274 1802 2310 dai
1823 2273 1941 2319 publi-

1140 2352 1167 2368 „
1192 2328 1222 2360 ci
1253 2326 1337 2361 libri
1364 2353 1389 2368 „
1426 2330 1483 2362 cui
1519 2326 1731 2372 depositioni
1761 2335 1942 2370 tamquam

1139 2375 1236 2411 fatstae
1251 2376 1292 2411 ab
1309 2377 1469 2413 Officiale
1484 2377 1526 2412 de
1543 2389 1580 2412 re
1595 2376 1635 2412 ad
1653 2378 1841 2422 proprium
1863 2376 1942 2407 mu'-

1140 2439 1206 2461 nus
1245 2426 1423 2472 spec‘lante
1455 2428 1602 2472 plenam
1631 2427 1738 2462 fidem
1766 2425 1942 2460 adhiben-

1140 2476 1222 2511 dam
1252 2476 1317 2512 effe
1354 2479 1496 2514 testatur
1524 2480 1558 2512 iu
1592 2477 1743 2522 praecisis
1776 2476 1942 2510 terminis

1142 2526 1361 2563 Officialium
1378 2528 1561 2565 Scretariae
1570 2529 1757 2563 Montium
1770 2527 1897 2560 Remem-
1909 2523 1940 2557 b-

1141 2590 1181 2611 m.
1200 2578 1358 2613 Lancetta
1370 2580 1471 2625 (ἶσα-ψ
1484 2580 1571 2626 467.
1587 2593 1618 2614 n.
1631 2591 1666 2624 4.

1092 2629 1240 2663 Semoto
1282 2629 1385 2665 lucro
1412 2655 1425 2671 ,
1465 2631 1691 2676 consequitur
1726 2622 1939 2669 Propofitio-

1072 2740 1117 2773 14

1068 2940 1111 2972 15¹

1142 2690 1226 2712 nem
1256 2680 1437 2714 firmatam
1454 2680 1472 2714 ἒι
1487 2680 1586 2715 Car-d.
1602 2681 1639 2712 de
1656 2681 1734 2712 Lac.
1747 2679 1782 2709 2‘12
1809 2676 1840 2708 d.
1860 2672 1940 2717 Cep.

1146 2740 1178 2763 2.
1193 2728 1230 2761 de
1247 2730 1319 2763 Lac.
1336 2730 1494 2774 Momsuh
1510 2744 1540 2765 n.
1562 2741 1617 2768 103
1633 2725 1726 2773 quod
1744 2726 1871 2760 scilicet
1888 2724 1943 2757 Se-

1141 2781 1285 2813 cretarii
1302 2789 1491 2814 teneantur
1508 2790 1578 2812 non
1596 2775 1759 2817 niodode
1775 2775 1855 2809 dolo
1871 2798 1882 2812 >
1907 2773 1943 2807 &

1139 2831 1208 2863 lata
1237 2831 1339 2872 culpa
1356 2853 1367 2868 ‚
1390 2827 1446 2863 sed
1475 2830 1580 2863 etiam
1595 2828 1638 2862 de
1666 2828 1765 2865 levi,
1790 2826 1822 2857 8(
1839 2823 1940 2856 levis-

1138 2878 1542 2923 fima,inapp]icabilen1
1558 2878 1623 2914 effe
1638 2876 1750 2923 quoad
1770 2872 1941 2907 Admini-

1141 2930 1307 2963 stratores
1321 2954 1332 2969 ,
1360 2941 1469 2974 quum
1489 2930 1551 2964 illa
1567 2929 1659 2963 ratio
1674 2922 1941 2960 considerabilis

1139 2981 1231 3015 lucri
1252 2982 1507 3023 compeniativi
1539 2977 1685 3024 periculi
1700 2973 1740 3008 ab
1753 2974 1856 3007 eodem
1874 2973 1940 3006 Aa·

1138 3033 1224 3064 Hore
1240 3029 1388 3064 deduc‘la
1418 3032 1534 3064 locum
1562 3029 1740 3062 dumtaxat
1756 3024 1939 3059 obtineret

1136 3082 1173 3115 in
1218 3079 1425 3114 Secretariis
1467 3077 1683 3113 Affic‘hiariis
1697 3102 1709 3117 ,
1746 3077 1805 3120 qui
1838 3073 1937 3107 dem-

1134 3141 1199 3175 pto
1231 3131 1334 3164 censu
1378 3132 1559 3174 integrum
1591 3127 1732 3161 lucrum
1764 3124 1823 3159 fibi
1851 3122 1936 3168 ipsis

1132 3179 1366 3226 quaerebant,
1401 3190 1595 3225 numquam
1623 3174 1713 3212 vero
1739 3172 1939 3220 procedere

1779 3235 1879 3270 pote-
