2300 3547
260 224 567 281 CAPVT
608 224 1173 283 VIGEsJMVM
1210 222 1697 297 QVINTVM
1770 226 1863 290 143

213 295 288 331 redi
316 297 464 332 facultas
488 295 667 331 alienandi
699 296 792 332 Loca
808 298 996 334 Montium

208 345 467 382 recurrendum
497 347 544 382 est
569 347 610 382 ad
626 345 833 392 Principem
855 359 923 393 pro
936 347 996 383 de-

206 395 394 443 rogatione
412 396 653 432 Prohibitioni
666 423 678 438 ,
691 398 724 432 ἅ·
746 398 768 431 fi
787 397 880 432 Loca
892 399 997 434 Mon-

132 443 181 490 64
206 447 298 480 tium
314 445 392 480 sunt
407 445 723 491 subjec‘laViuculo
739 448 998 484 Fideicommis-

203 494 228 529 si
244 495 505 543 „illorumque
529 499 690 541 pretium
717 500 904 533 transferri
932 500 993 534 vel

198 546 361 580 investiri
379 547 620 593 praetenditur
639 559 739 583 extra
755 550 884 584 statum
902 548 993 584 Pon-

200 596 354 631 tificium
377 621 389 635 ,
424 597 687 633 recurrendum
713 602 760 634 est
789 599 921 644 pariter
948 599 992 634 ad

201 644 406 692 Principem
423 658 489 692 pro
507 647 742 696 derogatione
758 647 994 684 Constantiani

122 694 170 736 65
200 695 422 731 Bel-:edraim
435 722 447 737 ‚
474 709 551 744 quae
566 700 733 744 praecipit
762 699 995 734 Investimen-

203 756 283 781 tum
310 747 389 781 fieri
418 747 547 783 debere
574 750 668 783 intra
689 750 832 784 Statum
847 748 994 783 Pontifi-

203 798 300 831 cium
327 798 364 831 in
381 796 554 833 Cenfibus
571 800 654 834 tutis
683 799 860 834 &securis
878 810 988 834 cum-1

202 845 538 883 Communitatibus
551 874 563 889 ‚
583 849 616 883 &
633 848 736 883 Locis
752 847 837 883 Piis.
855 846 988 882 Recur-

193 895 248 930 sus
262 907 350 931 vero
365 897 407 931 ad
422 897 626 944 Principem
642 899 784 944 concipi
798 899 932 944 poterit
945 907 982 931 ut

193 947 288 990 infra
301 971 312 984 ,
337 947 396 981 seu
411 949 493 982 alias
507 947 606 991 juxta
621 950 889 994 contingentias
904 973 913 982 .

118 992 169 1028 66
196 993 286 1030 Bffio
303 995 412 1031 padre
424 997 495 1033 :11
512 996 648 1033 Barone
672 998 848 1033 Mauritio
873 999 980 1046 Igna-

193 1047 247 1080 tio
270 1047 412 1092 Filippo
438 1047 623 1084 Blancardi
647 1049 682 1085 di
697 1048 838 1083 Torino
852 1047 980 1082 Orato-

195 1108 233 1131 re
247 1097 504 1143 &e.gliespone
519 1098 700 1145 possedere
715 1097 981 1145 alcuniLuoghi

193 1145 237 1180 de
252 1147 370 1182 Monti
384 1146 511 1194 sogetti
526 1151 564 1184 al
573 1149 699 1184 Vincolo
710 1148 982 1193 dslfidecommr'ffi)

192 1196 360 1231 ordinato
388 1196 430 1232 da
446 1198 636 1233 Francesco
649 1200 708 1234 suo
725 1198 836 1234 Padre
849 1225 860 1238 ,
886 1198 984 1244 quali

192 1247 352 1282 volendo
367 1246 547 1283 l’Oratore
563 1249 692 1284 render
706 1249 840 1290 liberi,
865 1247 908 1283 ed
930 1249 984 1282 in·

193 1295 302 1330 sieme
318 1296 518 1345 raffegnare
528 1307 590 1343 per
605 1301 806 1334 rinvel-”lime
824 1301 982 1344 ilprezz)

192 1345 389 1381 nelAzCJ‘ttd
415 1349 452 1382 dl
469 1346 585 1383 ‘Tin-hm
612 1349 671 1383 sua
688 1348 802 1384 Patria
830 1350 868 1383 in
895 1349 983 1382 altri

195 1395 342 1443 Luoghi
368 1395 412 1432 de
427 1399 550 1433 Monti
573 1400 792 1445 equivalenti
819 1399 852 1432 al
880 1398 981 1432 detto

118 1444 168 1491 67
194 1459 281 1492 prez
290 1459 332 1481 zo
358 1448 445 1482 nella
472 1447 562 1482 detta
587 1447 680 1484 Cittzi
719 1449 918 1482 denominati
945 1449 982 1481 di

193 1496 311 1531 S.G1·0.-
337 1498 482 1532 Battifia
505 1524 517 1539 ,
543 1499 639 1544 quali
664 1497 847 1534 dovessero
876 1500 983 1534 restar

194 1548 380 1592 sottoposti
393 1546 437 1582 ad
450 1547 550 1583 detto
562 1548 816 1584 fidecommissb
829 1575 837 1588 ,
852 1561 898 1582 ne
912 1549 984 1594 spe-

193 1596 229 1630 di
258 1597 432 1632 Nlandato
457 1598 494 1631 de
522 1599 653 1632 delendo
681 1623 693 1638 ‚
732 1598 773 1633 ὅ
800 1597 984 1644 refignmzdo

194 1649 311 1681 avanti
327 1647 353 1681 il
368 1647 517 1683 secondo
533 1647 754 1684 Collaterale
769 1660 833 1694 per
850 1649 902 1696 gli
918 1649 982 1683 atti

192 1697 252 1731 del
270 1697 468 1733 Lorenzini
496 1699 640 1735 fundato
666 1699 737 1734 alle
764 1698 982 1733 necessaris-2

192 1749 468 1793 giustificazioni
485 1750 549 1783 ἃς.
565 1749 737 1796 deputato
753 1749 779 1783 il
794 1749 897 1784 solito
909 1747 987 1782 Cu-

193 1809 314 1832 ratore
328 1800 394 1833 &c.
408 1799 426 1833 ὲ
442 1801 559 1845 questo
574 1802 680 1836 citato
694 1799 982 1845 persoualmcnte

188 1848 227 1881 in
242 1849 327 1895 ogni
340 1859 416 1884 atto
429 1848 447 1882 a
464 1861 591 1886 tenore
609 1850 702 1886 della
716 1849 832 1884 natiC
843 1850 984 1883 mititu-

191 1900 296 1932 zione
311 1898 407 1934 della
426 1901 512 1935 ·<.M.
529 1902 562 1936 di
579 1900 780 1936 Benedetto
801 1899 922 1934 PPXI
934 1897 978 1933 V.

189 1948 250 1982 sno
268 1947 511 1985 predecessore
524 1953 617 1986 colla
634 1952 736 1999 legge
752 1951 895 1985 Pretium
910 1961 981 1982 cozz-

115 1994 164 2031 68
182 1997 341 2046 signandi
363 2001 551 2036 Marchjom·
574 2001 763 2047 Hieronymo
778 2026 802 2042 „
831 2001 983 2035 Bellono

194 2073 220 2090 „
246 2049 394 2094 publico
433 2051 544 2087 Urbis
580 2051 779 2088 Bancherio
825 2050 866 2086 ad
903 2046 987 2084 effe-

120 2096 169 2141 69
194 2125 220 2140 ‚,
244 2098 342 2134 <stum
360 2100 474 2146 Ipsius
501 2114 610 2143 cura,
634 2104 667 2137 &
684 2102 786 2137 risico
812 2101 987 2146 &abique

190 2173 216 2191 ‚,
243 2151 317 2185 ulla
330 2164 414 2186 cura
428 2177 440 2193 ,
468 2153 502 2186 &
530 2153 632 2188 risico
648 2153 780 2192 Iudicis
795 2180 807 2196 ,
834 2151 989 2186 Curato-

191 2223 217 2240 „
245 2201 291 2233 ris
304 2223 315 2236 ,
342 2202 574 2237 'I'hesaurarii
602 2202 796 2238 Generalis
819 2202 987 2237 Camerae

191 2271 216 2289 2,
245 2249 463 2293 Apostolicae
502 2252 693 2288 Secretarii
729 2277 741 2292 ‚
779 2251 987 2288 Secretarie

192 2322 220 2338 „
251 2299 437 2333 Montium
491 2300 633 2348 ejusque
674 2302 987 2337 Administratoris

193 2371 219 2389 2,
246 2349 508 2385 transmittendi
525 2353 804 2397 aequivalentem
824 2353 988 2386 valorem

192 2421 217 2435 υ
244 2401 352 2443 pretii
368 2400 580 2436 eorumdem
599 2403 778 2437 Locorum
797 2401 839 2437 ad
853 2401 984 2436 dietam

192 2471 218 2488 ³,
245 2448 445 2484 Civitatem
473 2451 654 2493 Taurini,
681 2453 802 2498 ibique
828 2465 891 2498 per
911 2451 988 2484 Per-

194 2521 220 2538 „
243 2502 363 2533 sonam
380 2501 411 2534 ei
428 2499 632 2537 beuevisam
649 2502 834 2548 deponere
858 2502 988 2536 facien-

122 2558 172 2594 70
202 2571 226 2590 ³,
253 2548 287 2583 di
304 2549 338 2584 d.
355 2553 633 2596 aequivalentem
649 2565 756 2598 penes
772 2552 901 2586 AEdem
923 2563 990 2596 pu-

195 2622 221 2639 „
248 2599 377 2635 blicam
394 2599 492 2635 dietae
508 2603 676 2637 Civitatis
690 2612 885 2648 nuncupat.
900 2615 925 2638 :
942 2601 994 2636 La

196 2671 220 2688 ,2
246 2649 346 2684 Cassa
361 2651 502 2696 publica
516 2653 591 2686 :in
604 2651 799 2688 Creditum
815 2661 845 2688 d.
862 2653 994 2687 Instan-

196 2722 222 2739 ,‚
250 2702 291 2735 tis
307 2702 388 2735 Filii
402 2727 414 2741 ‚
437 2703 471 2736 &
487 2699 649 2738 Haeredis
666 2701 994 2738 fideicommissarii

198 2772 225 2788 2,
248 2752 389 2794 praefati
404 2763 483 2786 cuni
500 2751 745 2788 declaratione
760 2777 771 2791 ‚
798 2750 893 2800 quod
910 2764 994 2796 pro-

199 2821 225 2838 „
250 2803 348 2836 venit
359 2813 403 2836 ex
413 2804 534 2847 pretio
546 2804 767 2850 §quivalenti
777 2801 994 2838 eorumdem

200 2871 225 2889 a>
252 2850 434 2887 Locorum
461 2853 568 2899 supra
594 2852 894 2903 resignandorum
922 2878 934 2894 ,
958 2853 994 2886 &

199 2922 223 2940 ³,
250 2901 382 2937 exinde
397 2915 470 2938 non
484 2916 650 2939 amoven.
665 2931 677 2946 ,
690 2903 753 2939 nisi
769 2903 810 2938 ad
826 2901 995 2938 effestum

199 2974 226 2992 ,,
252 2962 334 2986 cum
351 2951 425 2996 ejus
439 2953 567 2990 ordine
582 2981 592 2995 ,
617 2956 675 2990 seu
693 2954 878 2989 ordinibus
893 2955 995 2988 inve-

196 3024 223 3042 „
248 3001 374 3037 stiendi
392 3005 429 3038 in
445 3004 594 3039 totidem
622 3005 700 3040 aliis
716 3005 819 3040 Locis
834 3004 868 3040 d.
886 3004 994 3038 Mon-

200 3075 227 3092 „
251 3057 296 3086 tis
311 3052 343 3087 S.
360 3052 507 3092 Ioannis
523 3054 687 3102 Baptistae
711 3066 788 3102 quae
815 3056 928 3089 rtatim
955 3065 994 3087 ac

125 3110 172 3147 71
204 3125 228 3143 „
252 3102 418 3148 acquisita
436 3106 596 3144 fuerint,
622 3117 664 3139 eo
691 3107 766 3153 ipso
780 3103 932 3150 subjeeta
958 3104 994 3138 8<

205 3175 230 3191 ,‚
253 3152 434 3200 supposita
447 3155 514 3190 esse
527 3154 681 3194 debeant
696 3157 846 3195 vinculo
858 3154 996 3195 d.fidei-

202 3225 230 3244 ο,
254 3203 425 3242 commissi
440 3205 506 3244 &c-

1196 296 1357 333 Esibitofi
1372 309 1435 343 per
1450 298 1545 331 altro
1557 296 1690 331 ildetto
1707 295 1873 331 mandato
1888 292 1934 327 31·

1145 347 1180 382 la
1195 347 1395 396 Segretaria
1409 345 1452 382 de
1467 346 1590 382 Monti
1604 357 1669 391 per
1684 345 1708 381 l'
1723 345 1933 380 esecuzione

1145 398 1285 443 pretese
1296 397 1641 433 l'Amministratore
1655 395 1689 430 di
1699 406 1771 430 non
1783 392 1933 442 eseguir·

1147 448 1184 482 10
1198 448 1254 482 col
1268 447 1451 495 supposito
1464 473 1476 488 ,
1501 446 1569 482 che
1582 447 1690 480 attesa
1711 445 1743 480 la
1757 444 1854 480 detta
1871 441 1935 475 Ri-

1144 497 1499 533 formaBeuedettina
1515 496 1563 531 tal
1579 496 1843 543 Surrogazione
1859 502 1934 526 non

1144 547 1237 595 possa
1263 548 1342 584 farsi
1367 549 1463 584 fuori
1490 546 1698 581 delloStato
1716 544 1935 583 Pontificio,

1142 610 1215 633 non
1233 600 1366 634 ostante
1391 599 1458 633 che
1474 596 1657 632 l'Oratore
1673 593 1858 630 possessore
1887 590 1933 626 de

1143 649 1237 683 detti
1253 649 1376 685 Monti
1395 647 1437 682 sia
1455 648 1646 682 foi-astiere
1659 668 1671 683 ‚
1697 658 1740 680 ne
1755 644 1799 679 ha
1814 642 1932 679 effetti

1143 698 1243 733 nello
1258 696 1599 733 StatoEcclefiastico
1608 695 1648 730 da
1663 695 1849 742 surrogare
1866 692 1933 726 &c.

1144 760 1164 783 e
1178 760 1250 782 non
1266 750 1400 783 ostante
1415 747 1482 782 che
1510 745 1555 781 sia
1579 747 1661 781 stata
1678 743 1853 789 permessa
1881 741 1933 776 tal

1140 799 1397 847 surrogazione
1424 809 1488 844 per
1505 796 1640 834 Firenze
1655 794 1782 829 Genava
1796 794 1866 829 &c-
1893 791 1935 825 ed

1139 850 1225 883 altri
1249 848 1360 895 luogha‘
1378 849 1476 894 fuori
1501 847 1583 883 dello
1606 847 1698 880 Stato
1718 871 1727 880 .
1757 843 1935 891 Supplicae

1133 910 1199 943 per
1213 909 1314 934 tanto
1325 898 1424 935 dicio
1437 908 1658 947 per-mettere
1670 895 1933 941 benignamen-

1133 958 1167 982 te
1182 948 1400 984 all'Oratore
1418 959 1484 982 cou
1501 947 1668 982 ordinare
1694 947 1727 980 al
1757 943 1926 979 suddetto

1131 997 1452 1034 Amministratore
1464 1023 1477 1038 ,
1502 1000 1569 1032 che
1596 994 1749 1042 proceda
1777 992 1926 1028 all’Eie-

1130 1050 1284 1084 cuzione
1297 1049 1355 1084 del
1370 1049 1510 1082 riferito
1523 1047 1694 1082 Mandato
1705 1071 1716 1086 ‚
1729 1055 1803 1080 non
1814 1046 1925 1080 ostan-

1133 1107 1170 1132 te
1183 1098 1380 1143 lafirddetta
1400 1097 1620 1135 Coffz'tuzione
1639 1095 1853 1131 Benedettina
1868 1118 1880 1135 ,
1906 1103 1926 1126 e

1134 1148 1341 1197 qualunque
1353 1149 1444 1184 altra
1458 1147 1533 1183 coi'a
1546 1171 1559 1188 ,
1584 1147 1650 1182 che
1665 1144 1801 1192 potesse
1815 1146 1852 1178 in
1868 1140 1929 1176 cio

1138 1201 1253 1234 Ostare
1267 1225 1277 1234 .

1134 1247 1166 1282 Α
1183 1248 1366 1295 Allonfignoi·
1380 1248 1513 1282 Uis‘mre
1528 1246 1585 1281 che
1600 1259 1637 1279 ne
1648 1246 1748 1290 parli
1762 1270 1771 1279 .

1183 1322 1208 1340 2,
1235 1299 1288 1332 Ex
1306 1298 1503 1334 Audientia
1518 1295 1618 1332 SSffii
1634 1309 1658 1332 :
1674 1296 1745 1330 Die
1758 1303 1818 1340 30.
1833 1292 1934 1328 Mar-

1133 1371 1159 1388 ‚‚
1187 1350 1226 1382 tii
1248 1350 1353 1394 1761.

1059 1415 1107 1453 72
1134 1422 1159 1439 ,,
1185 1398 1312 1433 SSffius
1331 1399 1484 1445 benigne
1499 1397 1625 1432 annuit
1637 1419 1650 1433 ‚
1665 1393 1923 1439 mandavitque

1132 1473 1159 1489 ,,
1185 1460 1250 1494 per
1289 1448 1334 1482 D.
1364 1448 1709 1483 Administratorem
1738 1443 1930 1478 Montium

1115 1521 1158 1536 ,ω
1186 1501 1314 1544 exequi
1331 1498 1544 1533 Mandatum
1560 1498 1602 1531 de
1617 1492 1772 1530 delendo
1786 1518 1799 1535 ,
1824 1494 1857 1527 &
1876 1504 1933 1526 re-

1134 1572 1160 1590 n,
1186 1547 1355 1595 signando
1371 1561 1436 1594 per
1451 1547 1521 1582 adia
1541 1545 1780 1583 Laurentini,
1801 1542 1845 1576 de
1860 1553 1931 1588 quo

1136 1622 1161 1639 ‚,
1187 1599 1223 1633 iu
1238 1598 1403 1633 Precibus
1417 1599 1512 1642 juxta
1525 1597 1638 1644 petita
1651 1592 1933 1642 quibuscumque

1135 1672 1161 1690 2,
1187 1661 1258 1684 non
1276 1649 1494 1684 obstantibus
1508 1673 1518 1682 .

1286 1699 1312 1733 A
1324 1699 1430 1734 ‚dreas
1447 1699 1616 1744 Negronus
1631 1692 1775 1729 Auditor
1788 1718 1798 1728 .

1188 1751 1276 1786 Haec
1290 1750 1370 1785 sunt
1387 1747 1559 1783 Mandata
1573 1771 1584 1787 ‚
1612 1756 1689 1790 quae
1717 1742 1935 1792 regulariter

1138 1803 1219 1837 fieri
1247 1800 1424 1847 contingit
1451 1798 1556 1842 super
1581 1795 1685 1830 Locis
1710 1794 1935 1829 Montium...

1137 1852 1244 1901 quoad
1257 1851 1494 1896 Proprietatem
1523 1848 1562 1881 in
1586 1856 1743 1892 quorum
1769 1842 1930 1888 alioquin

1132 1899 1341 1939 extensione
1360 1899 1533 1934 Notarius
1549 1896 1654 1931 debet
1675 1892 1741 1929 effe
1758 1893 1934 1928 sollicitus

1135 1952 1293 1988 variandi
1322 1962 1489 1985 tenorem
1516 1975 1527 1989 ‚
1565 1947 1600 1981 δέ
1627 1945 1813 1981 essentiam
1837 1944 1937 1990 juxta

1134 2004 1265 2049 castium
1293 2001 1459 2047 circumssa
1472 2003 1552 2033 nias
1569 2022 1580 2037 ,
1606 1998 1640 2031 8<
1666 1993 1909 2042 contigentias
1921 2017 1936 2033 ,

1139 2065 1217 2101 quae
1232 2064 1303 2088 non
1322 2051 1439 2087 sinunt
1455 2051 1604 2085 edocere
1615 2056 1752 2082 certam
1769 2055 1807 2077 ac
1821 2044 1938 2078 deter-

1141 2107 1316 2139 minatam
1331 2101 1488 2135 formam
1501 2098 1602 2133 dictis
1617 2094 1765 2131 casibus
1778 2103 1937 2141 propor-

1144 2158 1315 2191 tionatam
1328 2177 1337 2186 .

1191 2204 1277 2238 Non
1293 2203 1351 2237 abs
1369 2213 1407 2236 re
1422 2203 1540 2247 itaque
1556 2200 1623 2233 erit
1637 2196 1808 2231 disserere
1823 2194 1934 2229 etiam

1138 2254 1182 2295 de
1198 2252 1378 2289 Mandatis
1392 2277 1403 2290 ‚
1430 2262 1508 2298 quae
1526 2250 1719 2295 respiciunt
1731 2245 1868 2291 fruHus
1883 2242 1936 2277 di-

1139 2304 1279 2339 &orum
1310 2303 1493 2337 Locorum
1526 2300 1715 2334 Montium
1742 2320 1754 2334 ,
1792 2296 1939 2339 integra

1141 2364 1311 2390 manente
1328 2363 1436 2397 penes
1462 2352 1613 2385 illorum
1633 2345 1834 2381 possessores
1851 2342 1938 2378 Pro-

1064 2418 1110 2455 73
1141 2407 1291 2451 prietate
1308 2428 1319 2443 ,
1337 2405 1370 2438 &
1388 2403 1448 2435 ista
1465 2399 1636 2435 Mandata
1651 2396 1934 2431 denominantur

1140 2456 1177 2488 de
1193 2452 1372 2500 affignando
1385 2451 1462 2491 ,seu
1478 2447 1670 2495 restrvando
1686 2444 1822 2481 frutstus
1833 2469 1845 2484 ,
1858 2454 1939 2490 quae

1142 2504 1361 2552 regulariter
1385 2501 1438 2535 his
1462 2501 1556 2535 notis
1573 2499 1835 2542 concipiuntur
1851 2520 1860 2528 .

1069 2568 1118 2605 74
1144 2579 1167 2596 ,,
1196 2554 1251 2588 De
1269 2550 1440 2587 Mandato
1454 2577 1463 2584 .
1478 2578 1486 2585 .
1504 2577 1513 2585 .
1529 2549 1662 2588 Iudicis
1676 2574 1685 2582 .
1699 2573 1708 2581 .
1726 2573 1735 2581 .
1762 2545 1795 2578 &
1820 2544 1860 2579 ad
1878 2545 1939 2579 ln-

1143 2630 1168 2646 „
1193 2603 1355 2640 stantiam
1373 2600 1408 2635 N
1439 2600 1487 2634 N.
1506 2602 1555 2635 uti
1573 2595 1799 2644 Affignatarii
1815 2595 1849 2628 &
1866 2592 1933 2628 Re-

1144 2679 1168 2698 ,,
1193 2654 1374 2689 servatarii
1390 2653 1620 2698 integrorum
1635 2645 1816 2681 iruc‘luum
1832 2644 1940 2677 infra-

1143 2732 1168 2749 „
1194 2704 1412 2749 scriptorum
1442 2700 1624 2734 Locorum
1641 2696 1833 2732 Montium
1856 2705 1938 2729 can-

1196 2766 1269 2789 tan.
1285 2755 1320 2787 in
1337 2749 1489 2785 Credito
1506 2749 1555 2783 N.
1570 2748 1619 2782 N.

1195 2831 1220 2847 „
1249 2804 1341 2838 Loca
1357 2828 1366 2835 .
1379 2827 1388 2835 .
1405 2827 1413 2835 .
1428 2827 1436 2835 .
1452 2800 1591 2834 Montis
1606 2797 1640 2831 S.
1656 2796 1777 2831 Petri.
1793 2820 1804 2831 .
1816 2821 1825 2831 .
1840 2822 1850 2831 .

1195 2879 1220 2896 2,
1250 2853 1344 2888 Loca
1359 2878 1368 2886 .
1381 2877 1391 2886 .
1405 2877 1414 2886 .
1429 2875 1439 2885 .
1453 2850 1593 2884 Montis
1614 2846 1812 2882 Restaurati
1828 2870 1838 2879 .

1195 2928 1220 2946 ,,
1248 2904 1340 2938 Loca
1355 2929 1364 2936 .
1380 2928 1389 2936 .
1402 2925 1411 2934 .
1426 2926 1435 2934 .
1450 2900 1590 2935 Montis
1617 2899 1702 2933 novi
1718 2895 1938 2931 Communi·

1248 2963 1363 2988 tatum
1381 2978 1390 2986 .

1196 3026 1220 3044 ‚‚
1249 3003 1343 3038 Loca
1357 3027 1367 3036 .
1379 3027 1388 3035 .
1405 3026 1414 3034 .
1431 3026 1439 3034 .
1455 3000 1592 3036 &Pauli
1609 2996 1846 3045 Religionum
1861 3008 1939 3032 orn-

1146 3078 1171 3097 „
1198 3056 1256 3088 nia
1272 3050 1422 3096 subjecta
1439 3050 1609 3085 Vinculis
1624 3074 1633 3082 .
1647 3074 1656 3083 .
1672 3074 1681 3082 .
1696 3074 1706 3082 .
1721 3046 1835 3094 quoad
1851 3047 1937 3082 Pro·

1147 3128 1173 3144 2,
1199 3106 1392 3149 prietatem
1418 3101 1438 3146 (
1459 3101 1717 3146 exprimuntur
1746 3096 1937 3133 Vincula...

1146 3179 1173 3196 „
1197 3155 1319 3188 omnia
1334 3159 1506 3199 quatenus
1520 3149 1632 3185 adsint
1646 3149 1690 3195 .)

1196 3225 1221 3243 ι,
1246 3202 1442 3240 Mandatur
1469 3199 1519 3237 D.
1538 3199 1833 3237 Administratori
1861 3195 1935 3232 Ge-

1817 3259 1886 3283 ne-

1144 2782 1170 2800 2,
