2300 3547
392 254 590 296 constitutio
602 254 853 289 Benediezixw.
866 256 909 288 est
921 255 1073 288 servanda
1084 264 1283 300 cap.26.n.13.

392 299 591 331 constitutio
605 299 701 331 Pauli
717 301 754 331 V.
767 300 911 331 declarat
923 301 1116 333 secretarias
1129 304 1185 333 esse
1202 314 1290 335 exer..

478 343 595 372 cendas
611 354 626 374 a
642 342 789 374 Personis
804 343 1062 385 intelligentibus
1080 355 1144 384 cap.
1159 358 1188 385 7.
1205 359 1289 391 1¹·43·

385 385 587 418 Contractus
599 388 630 418 in
644 387 742 418 dubio
753 387 954 427 praesumitur
968 399 1060 419 verus
1072 398 1139 428 cap.
1149 396 1289 433 16.n.67‚

394 432 591 463 Contractus
605 431 756 462 definitur
769 431 907 462 duorum
919 430 973 463 seu
991 431 1135 463 Plurium
1148 434 1289 468 Consen-

477 475 528 507 sus
554 475 642 506 ultro
657 474 802 515 citroque
826 475 1039 517 obliga-torius
1055 485 1122 515 cap.
1140 484 1189 510 16.
1207 490 1239 512 n.
1258 487 1288 512 6,

390 521 584 553 Contractus
601 519 755 558 accipitur
771 519 897 559 proprie
911 544 921 558 ‚
943 519 1121 561 improprie
1133 544 1144 558 ,
1169 524 1198 555 ἃ
1218 534 1288 555 ma-

478 564 525 605 gis
542 562 714 604 improprie
738 572 803 603 cap.
822 567 869 594 16.
894 573 925 593 n.
940 576 966 602 7.

391 609 585 642 Contractus
603 606 769 639 Censualis
786 607 828 636 est
841 606 945 637 veluti
959 616 1032 648 pars
1047 607 1189 648 quaedam
1205 611 1286 643 Em-

483 651 590 693 ptioni
610 672 619 686 ,
644 652 672 682 St
685 650 1023 690 Venditionisubjeeta
1039 662 1104 692 cap.
1122 657 1172 685 16.
1194 663 1225 686 n.
1238 666 1288 695 3²·

432 698 471 729 In
486 695 715 727 Contraetibus
731 694 877 724 Ecclefiae
901 696 967 725 duo
981 696 1165 736 copulative
1179 701 1284 741 requi.

483 746 597 770 runtur
610 763 619 776 ,
643 738 838 769 solemnitas
863 741 890 770 ἃ
907 739 1009 770 Causa
1030 749 1096 780 cap.
1115 752 1165 773 20.
1189 751 1220 773 n.
1237 755 1263 775 r.

435 784 626 822 Requiritur
640 782 737 812 etiam
750 781 996 822 Beneplacitum
1012 785 1220 823 apostolicum
1233 788 1287 820 ibi-

475 828 550 858 dem
575 836 606 857 n.
624 836 651 865 5.

435 873 634 912 impetratur
662 869 714 899 vel
738 878 754 900 a
782 872 868 900 Sacra
882 871 1143 912 Congregatione
1155 872 1290 915 Episco-

479 925 595 956 porum
610 916 639 946 &
651 912 862 953 Regularium
874 941 883 954 ‚
911 915 961 945 vel
978 925 993 945 a
1008 917 1159 948 Concilio
1173 928 1202 949 n.
1215 924 1244 949 6.

433 960 472 991 In
486 958 715 991 Contraffiibus
739 957 877 995 cujusvis
904 959 1086 1000 Religionis
1114 962 1289 1003 requiritur

473 1003 715 1043 Beneplacitum
746 1003 954 1042 apostolicum
970 1011 1104 1044 excepta
1117 1006 1286 1047 Religione

477 1045 779 1088 Hyerosolimitana
805 1055 870 1087 cap.
885 1059 936 1079 20.
961 1056 992 1086 n,
1011 1060 1060 1089 34.

433 1092 623 1133 Requiritur
635 1090 761 1129 insuper
775 1090 1108 1123 licentiaProtet'toris
1122 1093 1287 1135 quipreest

455 1132 461 1138 ἱ
473 1134 636 1177 Religioni
659 1133 777 1164 ibidem
807 1144 836 1166 n.
851 1146 904 1175 35.

431 1183 470 1214 In
483 1178 711 1212 Contraffibus
726 1177 900 1209 Mulierum
918 1179 1091 1221 requiritur
1118 1182 1285 1222 praesentia

472 1222 683 1256 &Consensus
695 1221 766 1254 Viri
786 1231 847 1253 una
861 1233 931 1253 cum
947 1223 1131 1256 interventu
1145 1227 1283 1258 duorum

476 1267 714 1299 Proximiorurn
740 1275 807 1304 cap.
824 1278 875 1296 22.
899 1277 930 1297 n.
943 1273 995 1303 48.

389 1313 587 1345 Contractus
601 1310 789 1351 obligatorii
805 1309 976 1342 Mulierum
992 1319 1167 1354 utcumque
1182 1315 1285 1355 exple-

482 1355 851 1387 ticumsolemnitatibus
863 1364 926 1384 non
937 1355 1093 1387 substinen
1101 1364 1152 1388 tur
1163 1359 1183 1388 fi
1195 1358 1283 1389 dam-

474 1409 551 1429 num
565 1397 706 1429 notabile
720 1397 790 1428 illis
806 1398 1003 1436 resultet‚vel
1021 1400 1042 1430 sl
1056 1401 1210 1433 Mulieres
1225 1403 1285 1433 fint

488 1443 665 1474 enormiter
682 1441 756 1473 laesae
784 1454 850 1482 cap.
867 1454 920 1473 22.
944 1454 974 1474 n.
989 1449 1040 1476 62.

385 1490 626 1521 Contrabentes
643 1485 820 1526 sequuntur
836 1487 930 1517 fidem
946 1488 1073 1520 Notarii
1097 1492 1123 1522 ἃ
1138 1500 1200 1521 non
1213 1492 1281 1528 ejus

476 1530 648 1562 Substituri
672 1541 737 1571 cap.
754 1542 804 1567 24·
828 1541 858 1563 n.
875 1542 924 1570 50.

386 1575 581 1607 Contractus
598 1586 654 1615 per
668 1576 922 1615 recognitionem
938 1576 1025 1608 bona
1051 1577 1124 1608 fidei
1137 1578 1281 1610 censetur

474 1618 653 1650 celebratus
669 1619 765 1661 usque
777 1620 814 1650 ab
830 1619 925 1649 initio
939 1620 970 1650 in
987 1621 1117 1661 persona
1132 1624 1282 1654 nomina-

466 1664 492 1694 ti
505 1688 513 1701 ,
539 1665 567 1695 8(
581 1664 760 1705 recognitio
774 1664 862 1694 bonae
880 1663 954 1694 fidei
971 1665 1048 1695 facit
1068 1672 1104 1695 ut
1124 1676 1281 1708 recogno-

470 1707 560 1739 scens
588 1715 754 1748 reputetur
769 1708 908 1739 Debitor
935 1708 1133 1751 principalisfl
1147 1721 1212 1753 cap.
1229 1723 1279 1751 ις,

471 1762 502 1784 n.
518 1762 568 1791 75.
583 1754 610 1783 St
627 1756 676 1791 56.

380 1794 627 1827 Contrahentes
642 1806 723 1827 nunc
736 1795 955 1828 identificandi
968 1795 1043 1827 sunt
1056 1807 1112 1838 per
1123 1798 1205 1831 duos
1223 1800 1281 1833 Te.

469 1841 528 1871 stes
543 1850 599 1870 eos
615 1846 712 1870 notos
731 1840 884 1870 habentes
905 1850 971 1881 cap.
987 1853 997 1871 1
1010 1852 1034 1872 ι.
1059 1851 1094 1871 n.
1107 1853 1159 1874 21.

426 1883 496 1915 Etsi
509 1884 594 1914 inter
611 1883 685 1915 istos
700 1886 755 1915 fiat
766 1884 959 1915 commixtio
976 1885 1125 1917 Paecuniae
1140 1898 1212 1919 cum
1226 1899 1280 1921 re.

476 1929 535 1959 bus
549 1955 556 1963 ,
586 1929 780 1963 Contraelus
794 1928 937 1959 irritatur
961 1940 1027 1969 cap.
1040 1935 1070 1962 6.
1096 1941 1126 1963 n.
1141 1938 1193 1965 58.

387 1973 543 2004 Creditor
559 1972 685 2003 Cambii
702 1973 758 2003 tali
773 1971 854 2005 Casu
867 1973 1027 2005 ammittit
1041 1976 1197 2007 at'tionem
1221 1989 1279 2016 pe-

477 2016 564 2047 tendi
578 2016 699 2048 sortem
710 2038 720 2053 ,
732 2020 757 2049 &
772 2018 934 2049 restituere
949 2019 1043 2049 debet
1056 2020 1174 2052 fruetus
1188 2028 1275 2059 n.69.

382 2061 620 2093 Controverfiae
635 2061 821 2092 dirimendae
843 2061 916 2093 sunt
939 2061 1074 2097 aJudice
1097 2066 1125 2096 8(
1146 2074 1210 2096 ηοη
1236 2068 1275 2098 ab

478 2106 745 2137 Administratore
761 2106 923 2137 Montium
936 2116 1054 2147 cap.15.
1071 2118 1104 2140 n.
1117 2122 1132 2139 2
1143 2121 1171 2149 5.
1182 2112 1210 2142 8(
1224 2116 1273 2143 26.

388 2149 580 2181 Creditores
600 2150 760 2181 Montium
773 2151 951 2182 Clementis
969 2153 1006 2186 1.‚
1019 2150 1199 2185 Clementis
1218 2155 1271 2194 IL,

474 2194 606 2224 Subsidii
630 2195 762 2234 quarti,
783 2195 916 2226 Subsidii
939 2196 1066 2236 quinti,
1091 2199 1118 2229 8(
1133 2198 1273 2230 Conser-

470 2238 613 2269 vationis
627 2238 733 2277 primae
748 2249 781 2269 ac
797 2238 937 2271 secundae
949 2242 1271 2274 ereffionisssononiae

467 2279 694 2322 subingressum
719 2283 898 2314 habuerunt
928 2284 960 2314 in
976 2286 1272 2319 MontemBenedi-

466 2325 585 2356 &inum
610 2336 674 2365 cap.
697 2339 724 2356 ι.
749 2331 846 2358 n.6¹.

380 2369 574 2401 Creditores
589 2370 824 2402 consentientes
837 2371 971 2402 Cellioni
985 2374 1144 2403 fruEtuum
1159 2374 1269 2404 favore

469 2414 649 2445 Creditoris
662 2415 847 2454 posterioris
859 2416 913 2446 fibi
927 2416 998 2457 ipfis
1008 2418 1269 2461 praejudicat-cap.

473 2465 486 2485 1
496 2469 524 2494 7.
545 2468 574 2489 n.
588 2469 639 2495 29.
1084 2466 1092 2475 ⁴

425 2500 473 2531 Et
485 2501 608 2540 quare?
636 2511 666 2532 n.
681 2514 729 2542 30.

379 2543 572 2576 Creditores
586 2566 595 2580 ‚
618 2546 675 2585 qui
689 2546 796 2584 adepti
810 2545 883 2576 sunt
893 2548 975 2578 Loca
988 2549 1147 2580 Montium
1172 2550 1201 2580 in
1216 2552 1271 2585 Ju-

472 2587 562 2619 dicio
577 2588 762 2620 Concursus
775 2610 785 2624 ‚
808 2589 1051 2630 superveniente
1071 2594 1269 2625 Creditore,

468 2634 630 2663 anteriore
649 2658 656 2670 ,
672 2635 798 2664 Sortem
812 2636 839 2665 ἃ
856 2636 973 2667 frufilus
987 2637 1146 2668 restituere
1162 2646 1270 2668 tenen-

470 2678 566 2707 turin
582 2677 701 2714 judicio
713 2677 795 2708 reali
819 2688 881 2720 cap.
895 2690 945 2718 27.
971 2691 1001 2712 n.
1018 2691 1090 2717 1²4·

422 2719 467 2749 Et
482 2731 498 2751 a
513 2720 566 2752 die
582 2721 638 2752 lati
655 2722 785 2754 Decreti
812 2723 919 2755 favore
931 2725 1111 2755 Creditoris
1128 2725 1270 2754 anterio-

465 2766 511 2795 ris
526 2766 645 2797 debent
660 2766 856 2797 retrocedere
869 2767 950 2798 Loca
962 2769 1124 2799 Montium
1141 2770 1171 2799 in
1185 2770 1269 2800 Con-

471 2809 561 2840 cursu
576 2817 701 2849 recepta
713 2820 774 2841 una
787 2820 856 2841 cum
870 2811 1021 2843 fructibus
1034 2813 1149 2844 ibidem
1167 2824 1208 2844 nn
1219 2824 1231 2842 z
1241 2824 1268 2850 5.

377 2852 568 2884 Creditores
588 2874 596 2887 ‚
621 2854 676 2894 qui
703 2862 922 2886 avocaverunt
948 2866 965 2885 a
989 2857 1087 2887 tertio
1100 2857 1267 2887 Poffeffore

464 2897 547 2929 Loca
570 2893 730 2929 Montium
756 2898 984 2929 suiDebitoris
1001 2926 1008 2938 ‚
1037 2909 1185 2932 tenentur
1207 2910 1264 2941 pro

463 2942 573 2973 eadem
590 2942 693 2980 pretio
706 2940 761 2973 suo
773 2943 924 2973 Debitori
940 2952 974 2973 ea
986 2945 1137 2976 redimere
1154 2945 1264 2977 volen-

465 2986 516 3025 ti,
541 2985 703 3016 restituere
727 2996 791 3025 cap.
808 2997 859 3024 25⁴.
882 2995 913 3016 n.
930 2991 981 3019 80.

377 3029 548 3061 Creditum
563 3030 720 3060 Montistae
732 3031 961 3071 qualecumque
977 3031 1014 3061 fit
1028 3034 1162 3074 emergit
1175 3042 1191 3062 a
1205 3033 1264 3065 Co-

467 3074 591 3105 dicibus
606 3075 783 3105 Secrerariae
803 3084 867 3114 cap.
885 3086 895 3105 1
908 3085 934 3104 1.
960 3085 992 3106 n.
1008 3088 1056 3116 13·

375 3118 481 3157 Culpa
494 3116 584 3148 suum
597 3117 742 3157 sequitur
755 3120 927 3149 Auctorem
948 3126 1076 3159 cap.26.
1101 3130 1131 3152 n.
1144 3126 1195 3152 8¹.

464 3161 616 3193 Curatori
637 3162 794 3195 incumbit
817 3173 898 3195 onus
920 3164 1259 3205 praestandiffidejufso.

1068 189 1563 245 INDEX

1423 266 1491 290 rem
1514 260 1553 290 ad
1579 260 1778 302 implendum
1803 272 1884 294 onus
1899 263 2140 302 fibiinjunetum
2158 279 2225 309 cap.

1430 314 1481 342 ¹⁷·
1505 313 1535 335 n.
1552 309 1602 335 16.

1341 345 1481 377 Curator
1496 348 1616 379 futuris
1627 350 1758 382 Vocatis
1770 350 1972 391 deputandus
1986 353 2028 383 est
2038 355 2156 397 aliquis
2166 356 2229 387 Cu-

1429 389 1519 421 rialis
1547 392 1585 421 de
1597 392 1750 434 Collegio
1775 395 1808 425 in
1831 396 1993 427 deletione
2015 398 2229 431 Vinculorum

1430 444 1498 475 cap.
1513 447 1565 476 23.
1588 446 1619 467 n.
1634 442 1684 469 28.

1384 478 1431 508 Et
1445 478 1647 517 deputandus
1669 481 1711 510 est
1732 489 1749 509 a
1761 479 1876 521 Capite
1889 482 2024 520 alicujus
2038 486 2226 519 Tribunalis

1428 521 1526 552 Urbis
1545 532 1610 563 cap.
1626 529 1677 554 26.
1701 533 1732 555 n.
1744 534 1795 558 40-

1381 565 1427 595 Et
1441 563 1577 596 solvitur
1593 567 1745 598 Auditorff
1759 567 1884 608 Capitis
1897 569 2082 603 Tribunaiis
2111 575 2142 604 in
2158 568 2228 607 aem

1422 607 1641 648 deputationis
1669 610 1921 645 emolumentum
1949 614 2000 645 ob.
2031 626 2080 655 50.
2108 618 2228 651 ibidem

1428 662 1513 685 num.
1526 664 1579 688 4¹·

1340 694 1493 736 (puratori
1508 698 1665 730 incumbit
1679 708 1762 729 onus
1779 700 2004 741 comparendi,
2019 704 2045 734 S<
2061 714 2226 744 opponen-

1425 741 1458 771 di
1469 741 1621 782 quicquid
1635 743 1673 773 de
1686 745 1754 779 jure
1765 746 1880 785 opponi
1894 747 1994 786 potest
2007 747 2117 778 favore
2131 749 2222 780 futu-

1425 795 1535 816 rorum
1551 787 1744 817 Vocatorum
1768 799 1833 828 cap.
1849 794 1900 823 26.
1924 799 1953 820 n.
1969 800 2021 825 42.

1386 829 1495 861 Debet
1507 829 1602 861 etiam
1621 830 1777 871 appellare
1791 833 1887 873 usque
1901 835 1940 864 ad
1955 832 2123 865 secundum
2138 838 2225 873 iudi.

1427 880 1535 904 catum
1561 875 1583 904 fi
1608 873 1777 915 cognoscat
1802 878 1888 909 fuiffe
1913 877 2039 908 illatum
2054 889 2224 919 gravamen

1427 926 1459 948 n·
1471 930 1525 958 43.

1341 960 1512 992 Curatoris
1528 961 1780 993 emolumentum
1795 965 2056 1006 detrahipotesta
2072 966 2225 999 fructibus

1425 1005 1583 1036 Locorum
1595 1006 1754 1037 Montium
1780 1019 1810 1039 n.
1824 1021 1874 1046 44.

1339 1046 1496 1081 Cursores
1510 1069 1520 1085 ‚
1545 1052 1570 1081 ἃ
1581 1050 1768 1082 Mandatarii
1781 1054 1856 1083 dum
1871 1061 2073 1093 exequuntur
2084 1055 2224 1086 Citatio-

1425 1103 1482 1125 nes
1507 1093 1689 1132 personales
1713 1115 1723 1129 ,
1748 1098 1849 1127 restari
1863 1097 1977 1130 debent
1993 1124 2002 1137 ‚
2023 1098 2149 1131 Citatos
2164 1101 2222 1130 effe

1425 1137 1496 1176 ἱρῆς
1514 1145 1606 1171 notos
1628 1148 1694 1178 cap.
1711 1150 1759 1175 14.
1784 1149 1814 1170 n.
1829 1153 1878 1172 20.

1377 1181 1458 1213 Male
1487 1190 1683 1222 exequentes
1708 1184 1889 1214 Citationes
1914 1193 2025 1216 contra
2057 1186 2221 1218 formam

1423 1226 1675 1257 Constitutionis
1701 1229 1861 1260 Benedicti
1886 1229 1976 1260 XIV.
2012 1237 2159 1261 tenentur
2182 1232 2223 1261 ad

1423 1270 1537 1300 damna
1564 1280 1630 1310 cap.
1646 1285 1694 1303 ιι.
1721 1282 1749 1303 n.
1767 1284 1817 1313 32.

1381 1311 1454 1343 Non
1469 1315 1532 1350 jam
1561 1315 1591 1344 in
1614 1313 1806 1351 subsidium,
1829 1315 1881 1347 sed
1896 1317 2114 1357 principaliter
2137 1319 2163 1349 8<
2189 1317 2221 1348 in

1420 1356 1558 1388 solidum
1580 1368 1652 1389 cum
1681 1359 1720 1389 iis
1739 1381 1746 1395 ‚
1770 1360 1824 1401 qui
1849 1360 2049 1390 vinculorum
2063 1362 2220 1392 Cassatio-

1422 1411 1495 1431 nem
1507 1401 1649 1434 indebite
1663 1404 1873 1434 obtinuerunt
1895 1405 2014 1434 ibidem
2039 1415 2070 1436 n.
2083 1416 2134 1442 24.

1430 1488 1607 1521 Amnorum
1630 1491 1786 1522 refusione
1811 1491 1946 1523 veniunt
1967 1492 2063 1522 etiam
2084 1493 2220 1523 Fructus

1438 1543 1504 1573 cap.
1522 1547 1549 1572 7.
1571 1545 1601 1564 n.
1618 1546 1666 1575 53.

1331 1575 1496 1608 Damnum
1511 1589 1550 1610 ex
1562 1579 1695 1609 alterius
1710 1579 1799 1620 culpa
1812 1589 1906 1611 nemo
1920 1578 2036 1610 sentire
2054 1580 2150 1612 debet
2164 1579 2220 1610 ibi.

1422 1621 1493 1653 dem
1518 1632 1548 1654 n.
1563 1634 1611 1664 53.

1331 1664 1474 1707 Decimae
1498 1665 1730 1697 Beneficiorum
1752 1666 1854 1698 Italiae
1882 1667 1921 1698 ab
1947 1667 2132 1700 Alexandro
2146 1668 2219 1699 VII.

1417 1710 1575 1742 conversae
1600 1712 1730 1742 fuerunt
1757 1712 1787 1742 in
1816 1712 2043 1744 extinctionem
2059 1713 2218 1744 Locorum

1417 1753 1580 1786 Montium
1603 1765 1668 1794 cap.
1686 1769 1715 1788 2.
1739 1765 1770 1784 n.
1786 1766 1836 1795 gc.

1330 1798 1575 1832 Declarationes
1589 1800 1673 1830 fa&ae
1689 1800 1719 1830 in
1735 1799 1853 1831 litteris
1870 1800 2056 1833 Parentibus
2080 1810 2143 1832 non
2155 1800 2218 1832 im-

1418 1848 1548 1881 portant
1559 1843 1685 1875 vincula
1708 1852 1776 1883 cap.
1795 1849 1843 1876 16.
1868 1855 1897 1875 n.
1915 1855 1965 1885 53.

1331 1886 1522 1922 Declaratio
1547 1889 1633 1928 quod
1658 1888 1782 1930 disponi
1796 1890 1888 1929 poffit
1902 1888 1939 1918 de
1954 1889 2046 1919 Locis
2061 1888 2217 1920 Montium

1418 1930 1749 1973 absqqueneplacito
1772 1933 1945 1973 apostolico
1967 1942 2030 1963 non
2046 1931 2175 1963 excusat
2198 1941 2217 1962 a

1416 1975 1698 2011 MandatoJudicis
1725 1987 1790 2017 cap.
1807 1990 1856 2009 20.
1877 1989 1907 2009 n.
1924 1987 1974 2014 50.
1988 1979 2015 2009 ἃ
2034 1987 2085 2016 5¹.

1327 2020 1635 2060 Decretumludicis
1660 2019 1783 2064 supplet
1796 2031 2032 2064 quemcumque
2057 2022 2215 2053 defectum

1415 2073 1481 2104 cap.
1495 2073 1548 2095 22.
1571 2074 1601 2096 n.
1614 2077 1668 2104 29.

1323 2108 1462 2139 Decreta
1474 2109 1619 2152 Jqdicum
1634 2111 1687 2149 qui
1703 2120 1763 2140 non
1779 2111 1994 2142 exhibuerunt
2004 2108 2215 2148 privilegium

1409 2153 1570 2183 doctorale
1585 2154 1746 2184 nullitatis
1764 2155 1842 2185 vitio
1855 2154 2016 2193 subjacent
2036 2163 2066 2184 n.
2079 2164 2116 2193 37
2148 2152 2214 2184 vid.

1407 2197 1527 2231 Judex.

1322 2240 1526 2280 Depofirariae
1552 2241 1713 2270 translatae
1738 2240 1811 2273 sunt
1832 2241 1863 2272 in
1879 2243 2000 2271 Sacram
2016 2241 2126 2271 ffidem
2142 2239 2213 2269 Pie-

1409 2282 1485 2312 tatis
1513 2293 1579 2323 cap.
1597 2295 1623 2316 ι.
1646 2294 1675 2314 n.
1693 2295 1719 2323 ς.

1364 2327 1508 2368 urgente
1524 2329 1699 2359 necestitate
1718 2349 1726 2363 ,
1748 2330 1847 2368 potest
1862 2328 2062 2369 Depofitaria
2083 2333 2212 2358 mutua-

1410 2381 1442 2401 re
1457 2369 1612 2402 summam
1629 2373 1836 2412 quantumvis
1853 2374 2056 2413 conspicuam
2079 2381 2096 2401 a
2122 2374 2210 2402 sacro

1411 2415 1523 2446 Monte
1537 2416 1654 2446 ibidem
1678 2427 1707 2448 n.
1724 2428 1752 2455 7.

1365 2458 1401 2488 In
1427 2459 1492 2488 vim
1506 2460 1719 2501 Chirograpbi
1745 2460 1786 2491 sa:
1804 2470 1864 2492 me:
1880 2460 2039 2491 Benedicti
2055 2460 2110 2492 PP.
2123 2460 2209 2492 XIV.

1412 2502 1530 2533 ibidem
1550 2513 1581 2534 n.
1596 2509 1625 2536 8.

1364 2547 1464 2584 Cujus
1481 2548 1665 2578 concessioni
1680 2549 1824 2589 precellit
1840 2547 2008 2582 Resolutio
2023 2549 2208 2589 Congrega-

1408 2591 1507 2621 tionis
1521 2592 1719 2632 particularis
1734 2593 1850 2624 ibidem
1872 2604 1901 2625 n.
1918 2606 1947 2631 9.

1320 2635 1526 2674 Depofitariae
1541 2637 1677 2667 Codices
1706 2637 1782 2668 alias
1797 2638 1964 2670 existentes
1988 2645 2082 2676 penes
2099 2638 2207 2675 Depo-

1408 2679 1549 2709 fitarium
1564 2680 1751 2711 Ramolfum
1778 2682 1930 2712 translati
1955 2681 2073 2711 suntin
2090 2679 2205 2711 Ratio-

1410 2724 1560 2754 cinariam
1574 2726 1729 2756 Locorum
1743 2726 1899 2757 Montium
1916 2726 2031 2755 ibidem
2056 2734 2085 2755 n,
2103 2735 2149 2758 ¹4·

1319 2767 1512 2808 Depofitarii
1526 2769 1687 2808 accipiunt
1702 2769 1783 2800 listas
1801 2780 1857 2809 pro
1883 2767 2052 2809 regulanda
2069 2767 2203 2799 solutio-

1407 2823 1444 2841 ne
1460 2812 1629 2843 fruetuum
1657 2822 1673 2842 a
1689 2813 1931 2845 Ratiocinatore
1945 2814 2100 2844 Locorum
2112 2813 2204 2842 Mon-

1408 2855 1616 2887 tiumibidem
1638 2865 1666 2887 n.
1686 2862 1737 2887 16.

1314 2900 1505 2942 Depositum
1528 2901 1624 2939 pretii
1653 2901 1808 2932 Locorum
1837 2901 1995 2931 Montium
2021 2899 2202 2930 vinculato-

1403 2955 1473 2974 rum
1495 2945 1635 2984 exigitur
1648 2944 1743 2975 libere
1759 2971 1766 2982 ,
1791 2947 1809 2976 fi
1828 2945 1947 2978 Jndicis
1963 2946 2116 2975 Mandato
2130 2943 2201 2974 vin-

1401 2988 1494 3024 cula,
1519 2988 1635 3028 quibus
1660 2988 1712 3020 illa
1728 2990 1806 3020 Loca
1824 2989 1985 3019 Montium
2011 2995 2099 3018 erant
2123 2987 2200 3017 affc-

1402 3034 1471 3069 Qa,
1496 3031 1663 3062 deleantur
1688 3042 1752 3072 cap.
1765 3045 1795 3069 4.
1819 3043 1849 3063 n.
1866 3044 1893 3071 3.

1315 3076 1507 3118 Depositum
1524 3077 1680 3106 Locorum
1692 3077 1814 3107 Montis
1830 3075 1906 3106 novi
1919 3074 2198 3107 Communitatum

1402 3122 1437 3150 fit
1451 3130 1508 3150 aere
1523 3121 1803 3152 Communitatum
1826 3131 1872 3160 ap.
1890 3132 1919 3155 4.
1947 3130 1976 3152 n.
1991 3134 2018 3159 5.

1356 3165 1438 3197 Tam
1453 3165 1640 3208 Depositum
1652 3165 1767 3196 factum
1789 3175 1805 3195 a
1819 3165 1952 3195 Camera
1964 3189 1973 3202 ,
1998 3171 2091 3204 quam
2114 3161 2201 3190 aliud

2100 3209 2146 3243 fa.
